,date,time,price,change,volume,amount,type,code
0,2021-06-10,09:25:01,112.0,-0.34,249,2788800,卖盘,000538
1,2021-06-10,09:30:01,111.84,-0.16,2,22368,卖盘,000538
2,2021-06-10,09:30:05,111.88,0.04,597,6696102,卖盘,000538
3,2021-06-10,09:30:07,111.8,-0.08,87,973418,卖盘,000538
4,2021-06-10,09:30:10,111.8,0.0,51,570574,卖盘,000538
5,2021-06-10,09:30:12,111.84,0.04,19,212452,买盘,000538
6,2021-06-10,09:30:16,112.2,0.36,55,615111,买盘,000538
7,2021-06-10,09:30:18,111.97,-0.23,2,22377,中性盘,000538
8,2021-06-10,09:30:22,111.84,-0.13,5,55920,中性盘,000538
9,2021-06-10,09:30:25,111.99,0.15,26,290926,买盘,000538
10,2021-06-10,09:30:27,112.0,0.01,2,22400,买盘,000538
11,2021-06-10,09:30:31,111.97,-0.03,221,2481447,卖盘,000538
12,2021-06-10,09:30:33,112.3,0.33,2,22433,中性盘,000538
13,2021-06-10,09:30:37,112.47,0.17,2,22454,买盘,000538
14,2021-06-10,09:30:39,112.08,-0.39,72,808041,卖盘,000538
15,2021-06-10,09:30:42,112.46,0.38,8,89956,买盘,000538
16,2021-06-10,09:30:46,112.3,-0.16,3,33688,买盘,000538
17,2021-06-10,09:30:48,112.23,-0.07,15,168354,卖盘,000538
18,2021-06-10,09:30:52,112.3,0.07,22,246962,买盘,000538
19,2021-06-10,09:30:54,112.33,0.03,3,33696,买盘,000538
20,2021-06-10,09:30:58,112.33,0.0,159,1788004,中性盘,000538
21,2021-06-10,09:31:01,112.39,0.06,1,11239,卖盘,000538
22,2021-06-10,09:31:05,112.59,0.2,22,247514,买盘,000538
23,2021-06-10,09:31:06,112.43,-0.16,17,191137,中性盘,000538
24,2021-06-10,09:31:10,112.6,0.17,24,270258,买盘,000538
25,2021-06-10,09:31:13,112.12,-0.48,120,1347695,卖盘,000538
26,2021-06-10,09:31:16,112.37,0.25,24,269546,买盘,000538
27,2021-06-10,09:31:18,112.37,0.0,8,89878,买盘,000538
28,2021-06-10,09:31:22,112.3,-0.07,27,303224,卖盘,000538
29,2021-06-10,09:31:25,112.13,-0.17,9,100996,卖盘,000538
30,2021-06-10,09:31:27,112.3,0.17,55,617031,买盘,000538
31,2021-06-10,09:31:31,112.12,-0.18,12,134688,卖盘,000538
32,2021-06-10,09:31:34,112.22,0.1,6,67309,买盘,000538
33,2021-06-10,09:31:37,112.26,0.04,17,190843,卖盘,000538
34,2021-06-10,09:31:39,112.14,-0.12,13,145865,卖盘,000538
35,2021-06-10,09:31:43,112.21,0.07,18,201985,买盘,000538
36,2021-06-10,09:31:45,112.1,-0.11,35,392588,卖盘,000538
37,2021-06-10,09:31:49,112.14,0.04,20,224226,买盘,000538
38,2021-06-10,09:31:51,112.07,-0.07,20,224164,卖盘,000538
39,2021-06-10,09:31:55,112.07,0.0,54,605210,卖盘,000538
40,2021-06-10,09:31:57,112.07,0.0,23,257787,卖盘,000538
41,2021-06-10,09:32:01,112.13,0.06,15,168169,买盘,000538
42,2021-06-10,09:32:04,112.12,-0.01,24,269058,买盘,000538
43,2021-06-10,09:32:06,112.12,0.0,41,459864,买盘,000538
44,2021-06-10,09:32:10,112.12,0.0,9,100908,卖盘,000538
45,2021-06-10,09:32:13,112.34,0.22,6,67397,买盘,000538
46,2021-06-10,09:32:15,112.27,-0.07,4,44927,卖盘,000538
47,2021-06-10,09:32:18,112.37,0.1,5,56174,买盘,000538
48,2021-06-10,09:32:22,112.32,-0.05,8,89857,卖盘,000538
49,2021-06-10,09:32:25,112.5,0.18,39,438265,买盘,000538
50,2021-06-10,09:32:28,112.5,0.0,72,809286,买盘,000538
51,2021-06-10,09:32:31,112.58,0.08,11,123682,买盘,000538
52,2021-06-10,09:32:34,112.6,0.02,1,11260,买盘,000538
53,2021-06-10,09:32:36,112.58,-0.02,13,146360,卖盘,000538
54,2021-06-10,09:32:39,112.6,0.02,41,461650,买盘,000538
55,2021-06-10,09:32:42,112.58,-0.02,62,698147,卖盘,000538
56,2021-06-10,09:32:46,112.61,0.03,6,67585,中性盘,000538
57,2021-06-10,09:32:48,112.6,-0.01,33,371690,卖盘,000538
58,2021-06-10,09:32:51,112.7,0.1,27,304231,买盘,000538
59,2021-06-10,09:32:55,112.69,-0.01,6,67642,中性盘,000538
60,2021-06-10,09:32:58,112.8,0.11,30,338336,买盘,000538
61,2021-06-10,09:33:01,112.73,-0.07,4,45097,卖盘,000538
62,2021-06-10,09:33:04,112.73,0.0,102,1150309,卖盘,000538
63,2021-06-10,09:33:07,112.9,0.17,14,158047,买盘,000538
64,2021-06-10,09:33:10,112.9,0.0,14,158029,卖盘,000538
65,2021-06-10,09:33:13,112.96,0.06,13,146783,买盘,000538
66,2021-06-10,09:33:16,112.78,-0.18,65,733595,卖盘,000538
67,2021-06-10,09:33:19,112.87,0.09,49,552965,中性盘,000538
68,2021-06-10,09:33:22,112.78,-0.09,31,349795,卖盘,000538
69,2021-06-10,09:33:25,112.73,-0.05,54,608981,卖盘,000538
70,2021-06-10,09:33:27,112.78,0.05,29,327115,卖盘,000538
71,2021-06-10,09:33:30,112.76,-0.02,27,304556,卖盘,000538
72,2021-06-10,09:33:34,112.9,0.14,43,485026,买盘,000538
73,2021-06-10,09:33:37,112.78,-0.12,25,281975,卖盘,000538
74,2021-06-10,09:33:39,112.86,0.08,15,169278,中性盘,000538
75,2021-06-10,09:33:42,112.78,-0.08,18,203100,卖盘,000538
76,2021-06-10,09:33:45,112.8,0.02,31,349854,中性盘,000538
77,2021-06-10,09:33:49,112.9,0.1,47,530420,买盘,000538
78,2021-06-10,09:33:52,112.9,0.0,15,169332,买盘,000538
79,2021-06-10,09:33:55,112.9,0.0,20,225768,买盘,000538
80,2021-06-10,09:33:58,112.9,0.0,4,45162,卖盘,000538
81,2021-06-10,09:34:01,112.88,-0.02,30,338693,卖盘,000538
82,2021-06-10,09:34:04,112.9,0.02,16,180625,买盘,000538
83,2021-06-10,09:34:07,112.58,-0.32,365,4113933,卖盘,000538
84,2021-06-10,09:34:10,112.47,-0.11,76,855085,卖盘,000538
85,2021-06-10,09:34:12,112.5,0.03,40,449931,买盘,000538
86,2021-06-10,09:34:16,112.35,-0.15,16,179818,卖盘,000538
87,2021-06-10,09:34:19,112.37,0.02,20,224728,买盘,000538
88,2021-06-10,09:34:21,112.32,-0.05,20,224719,卖盘,000538
89,2021-06-10,09:34:25,112.49,0.17,30,337102,买盘,000538
90,2021-06-10,09:34:28,112.65,0.16,41,461452,买盘,000538
91,2021-06-10,09:34:30,112.83,0.18,15,168955,中性盘,000538
92,2021-06-10,09:34:34,112.65,-0.18,8,90162,卖盘,000538
93,2021-06-10,09:34:37,112.65,0.0,8,90114,卖盘,000538
94,2021-06-10,09:34:39,112.65,0.0,18,202667,中性盘,000538
95,2021-06-10,09:34:42,112.63,-0.02,28,315421,卖盘,000538
96,2021-06-10,09:34:45,112.63,0.0,19,213949,买盘,000538
97,2021-06-10,09:34:49,112.61,-0.02,11,123847,中性盘,000538
98,2021-06-10,09:34:52,112.61,0.0,66,742535,中性盘,000538
99,2021-06-10,09:34:54,112.61,0.0,67,753252,买盘,000538
100,2021-06-10,09:34:58,112.61,0.0,13,146404,买盘,000538
101,2021-06-10,09:35:00,112.59,-0.02,34,382845,卖盘,000538
102,2021-06-10,09:35:04,112.65,0.06,36,405403,买盘,000538
103,2021-06-10,09:35:07,112.69,0.04,38,428109,中性盘,000538
104,2021-06-10,09:35:10,112.78,0.09,31,349435,买盘,000538
105,2021-06-10,09:35:12,112.8,0.02,22,248038,买盘,000538
106,2021-06-10,09:35:16,112.79,-0.01,35,394792,买盘,000538
107,2021-06-10,09:35:19,112.88,0.09,13,146660,买盘,000538
108,2021-06-10,09:35:21,112.88,0.0,4,45144,买盘,000538
109,2021-06-10,09:35:25,112.88,0.0,6,67728,买盘,000538
110,2021-06-10,09:35:28,112.8,-0.08,51,575345,卖盘,000538
111,2021-06-10,09:35:31,112.8,0.0,16,180471,买盘,000538
112,2021-06-10,09:35:34,112.8,0.0,54,609052,买盘,000538
113,2021-06-10,09:35:37,112.8,0.0,21,236864,买盘,000538
114,2021-06-10,09:35:40,112.8,0.0,14,157819,买盘,000538
115,2021-06-10,09:35:43,112.8,0.0,39,439847,买盘,000538
116,2021-06-10,09:35:46,112.75,-0.05,16,180448,中性盘,000538
117,2021-06-10,09:35:49,112.69,-0.06,16,180435,卖盘,000538
118,2021-06-10,09:35:52,112.69,0.0,53,597252,买盘,000538
119,2021-06-10,09:35:55,112.69,0.0,61,687422,买盘,000538
120,2021-06-10,09:35:58,112.69,0.0,25,281735,中性盘,000538
121,2021-06-10,09:36:00,112.75,0.06,12,135274,买盘,000538
122,2021-06-10,09:36:05,112.7,-0.05,105,1184021,中性盘,000538
123,2021-06-10,09:36:06,112.77,0.07,65,733420,中性盘,000538
124,2021-06-10,09:36:10,112.81,0.04,72,812727,中性盘,000538
125,2021-06-10,09:36:13,112.9,0.09,49,553218,买盘,000538
126,2021-06-10,09:36:16,112.9,0.0,12,135470,卖盘,000538
127,2021-06-10,09:36:19,112.91,0.01,72,812915,买盘,000538
128,2021-06-10,09:36:21,112.92,0.01,14,158073,买盘,000538
129,2021-06-10,09:36:25,112.91,-0.01,12,135498,卖盘,000538
130,2021-06-10,09:36:28,112.91,0.0,24,271029,卖盘,000538
131,2021-06-10,09:36:31,112.91,0.0,43,485509,卖盘,000538
132,2021-06-10,09:36:33,112.81,-0.1,129,1455576,卖盘,000538
133,2021-06-10,09:36:37,112.76,-0.05,16,180525,中性盘,000538
134,2021-06-10,09:36:40,112.75,-0.01,31,349622,卖盘,000538
135,2021-06-10,09:36:43,112.74,-0.01,14,157836,中性盘,000538
136,2021-06-10,09:36:46,112.73,-0.01,130,1464725,中性盘,000538
137,2021-06-10,09:36:48,112.69,-0.04,15,169046,买盘,000538
138,2021-06-10,09:36:52,112.8,0.11,14,157921,买盘,000538
139,2021-06-10,09:36:54,112.8,0.0,15,169200,卖盘,000538
140,2021-06-10,09:36:58,112.75,-0.05,6,67632,卖盘,000538
141,2021-06-10,09:37:00,112.72,-0.03,20,225446,中性盘,000538
142,2021-06-10,09:37:05,112.72,0.0,9,101431,买盘,000538
143,2021-06-10,09:37:07,112.69,-0.03,218,2454690,卖盘,000538
144,2021-06-10,09:37:10,112.7,0.01,23,259164,买盘,000538
145,2021-06-10,09:37:12,112.6,-0.1,15,169046,中性盘,000538
146,2021-06-10,09:37:16,112.6,0.0,54,607900,中性盘,000538
147,2021-06-10,09:37:19,112.69,0.09,23,259164,买盘,000538
148,2021-06-10,09:37:22,112.65,-0.04,3,33801,中性盘,000538
149,2021-06-10,09:37:25,112.68,0.03,4,45062,买盘,000538
150,2021-06-10,09:37:28,112.69,0.01,18,202828,买盘,000538
151,2021-06-10,09:37:31,112.72,0.03,10,112718,买盘,000538
152,2021-06-10,09:37:34,112.69,-0.03,5,56346,卖盘,000538
153,2021-06-10,09:37:36,112.7,0.01,4,45080,中性盘,000538
154,2021-06-10,09:37:40,112.7,0.0,6,67625,中性盘,000538
155,2021-06-10,09:37:43,112.68,-0.02,141,1588634,卖盘,000538
156,2021-06-10,09:37:45,112.67,-0.01,46,518248,中性盘,000538
157,2021-06-10,09:37:49,112.6,-0.07,8,90121,卖盘,000538
158,2021-06-10,09:37:52,112.6,0.0,38,428012,卖盘,000538
159,2021-06-10,09:37:55,112.58,-0.02,5,56290,中性盘,000538
160,2021-06-10,09:37:58,112.6,0.02,9,101308,买盘,000538
161,2021-06-10,09:38:01,112.58,-0.02,18,202577,买盘,000538
162,2021-06-10,09:38:04,112.54,-0.04,23,258817,中性盘,000538
163,2021-06-10,09:38:07,112.58,0.04,36,405149,买盘,000538
164,2021-06-10,09:38:10,112.6,0.02,41,461613,买盘,000538
165,2021-06-10,09:38:12,112.54,-0.06,54,607877,卖盘,000538
166,2021-06-10,09:38:15,112.69,0.15,28,315247,买盘,000538
167,2021-06-10,09:38:19,112.69,0.0,11,123932,买盘,000538
168,2021-06-10,09:38:22,112.61,-0.08,7,78841,中性盘,000538
169,2021-06-10,09:38:25,112.61,0.0,9,101339,中性盘,000538
170,2021-06-10,09:38:28,112.6,-0.01,8,90080,卖盘,000538
171,2021-06-10,09:38:30,112.6,0.0,45,506696,买盘,000538
172,2021-06-10,09:38:34,112.6,0.0,9,101339,买盘,000538
173,2021-06-10,09:38:37,112.61,0.01,17,191423,买盘,000538
174,2021-06-10,09:38:39,112.61,0.0,9,101357,卖盘,000538
175,2021-06-10,09:38:43,112.62,0.01,40,450454,买盘,000538
176,2021-06-10,09:38:45,112.65,0.03,4,45060,卖盘,000538
177,2021-06-10,09:38:49,112.58,-0.07,58,653097,卖盘,000538
178,2021-06-10,09:38:52,112.68,0.1,7,78873,买盘,000538
179,2021-06-10,09:38:55,112.66,-0.02,6,67604,卖盘,000538
180,2021-06-10,09:38:58,112.65,-0.01,5,56325,卖盘,000538
181,2021-06-10,09:39:01,112.6,-0.05,15,168957,卖盘,000538
182,2021-06-10,09:39:04,112.6,0.0,17,191433,卖盘,000538
183,2021-06-10,09:39:07,112.6,0.0,17,191433,卖盘,000538
184,2021-06-10,09:39:09,112.61,0.01,13,146391,买盘,000538
185,2021-06-10,09:39:13,112.6,-0.01,22,247718,卖盘,000538
186,2021-06-10,09:39:16,112.5,-0.1,79,889167,卖盘,000538
187,2021-06-10,09:39:18,112.48,-0.02,37,416235,卖盘,000538
188,2021-06-10,09:39:22,112.32,-0.16,89,999829,卖盘,000538
189,2021-06-10,09:39:25,112.25,-0.07,8,89826,卖盘,000538
190,2021-06-10,09:39:27,112.28,0.03,18,201937,买盘,000538
191,2021-06-10,09:39:31,112.25,-0.03,6,67336,中性盘,000538
192,2021-06-10,09:39:33,112.2,-0.05,25,280310,中性盘,000538
193,2021-06-10,09:39:37,112.07,-0.13,17,190587,卖盘,000538
194,2021-06-10,09:39:39,112.16,0.09,77,863073,买盘,000538
195,2021-06-10,09:39:43,112.16,0.0,6,67272,买盘,000538
196,2021-06-10,09:39:46,112.05,-0.11,62,694816,卖盘,000538
197,2021-06-10,09:39:49,112.16,0.11,142,1592234,买盘,000538
198,2021-06-10,09:39:52,112.03,-0.13,5,56041,买盘,000538
199,2021-06-10,09:39:55,112.16,0.13,16,179335,中性盘,000538
200,2021-06-10,09:39:58,112.06,-0.1,19,212888,中性盘,000538
201,2021-06-10,09:40:01,112.1,0.04,29,324961,买盘,000538
202,2021-06-10,09:40:05,112.23,0.13,61,683399,买盘,000538
203,2021-06-10,09:40:07,112.08,-0.15,9,100936,卖盘,000538
204,2021-06-10,09:40:10,112.23,0.15,39,437154,买盘,000538
205,2021-06-10,09:40:13,112.23,0.0,4,44892,买盘,000538
206,2021-06-10,09:40:16,112.2,-0.03,30,336669,卖盘,000538
207,2021-06-10,09:40:19,112.2,0.0,12,134634,买盘,000538
208,2021-06-10,09:40:21,112.2,0.0,7,78534,买盘,000538
209,2021-06-10,09:40:24,112.2,0.0,51,572222,买盘,000538
210,2021-06-10,09:40:27,112.2,0.0,5,56100,卖盘,000538
211,2021-06-10,09:40:30,112.2,0.0,19,213204,卖盘,000538
212,2021-06-10,09:40:33,112.22,0.02,142,1593192,中性盘,000538
213,2021-06-10,09:40:37,112.2,-0.02,24,269333,中性盘,000538
214,2021-06-10,09:40:40,112.2,0.0,10,112195,卖盘,000538
215,2021-06-10,09:40:43,112.17,-0.03,8,89750,卖盘,000538
216,2021-06-10,09:40:45,112.17,0.0,3,33651,买盘,000538
217,2021-06-10,09:40:49,112.17,0.0,18,201891,买盘,000538
218,2021-06-10,09:40:52,112.14,-0.03,28,314063,卖盘,000538
219,2021-06-10,09:40:55,112.14,0.0,27,302776,买盘,000538
220,2021-06-10,09:40:58,112.14,0.0,10,112140,买盘,000538
221,2021-06-10,09:41:01,112.2,0.06,60,672812,买盘,000538
222,2021-06-10,09:41:04,112.17,-0.03,12,134616,卖盘,000538
223,2021-06-10,09:41:06,112.2,0.03,7,78527,买盘,000538
224,2021-06-10,09:41:10,112.23,0.03,10,112207,买盘,000538
225,2021-06-10,09:41:12,112.2,-0.03,71,796574,卖盘,000538
226,2021-06-10,09:41:16,112.23,0.03,10,112215,买盘,000538
227,2021-06-10,09:41:18,112.42,0.19,182,2045486,买盘,000538
228,2021-06-10,09:41:22,112.24,-0.18,38,427350,卖盘,000538
229,2021-06-10,09:41:24,112.26,0.02,2,22454,中性盘,000538
230,2021-06-10,09:41:28,112.24,-0.02,56,629066,卖盘,000538
231,2021-06-10,09:41:31,112.6,0.36,11,123855,中性盘,000538
232,2021-06-10,09:41:34,112.34,-0.26,14,157318,卖盘,000538
233,2021-06-10,09:41:37,112.26,-0.08,51,572575,卖盘,000538
234,2021-06-10,09:41:39,112.24,-0.02,20,224480,卖盘,000538
235,2021-06-10,09:41:42,112.34,0.1,12,134884,中性盘,000538
236,2021-06-10,09:41:46,112.57,0.23,9,101174,买盘,000538
237,2021-06-10,09:41:49,112.54,-0.03,1,11254,中性盘,000538
238,2021-06-10,09:41:52,112.35,-0.19,11,123600,卖盘,000538
239,2021-06-10,09:41:54,112.51,0.16,7,78747,中性盘,000538
240,2021-06-10,09:41:58,112.5,-0.01,1,11250,中性盘,000538
241,2021-06-10,09:42:01,112.5,0.0,5,56251,中性盘,000538
242,2021-06-10,09:42:04,112.41,-0.09,62,697196,卖盘,000538
243,2021-06-10,09:42:06,112.52,0.11,22,247406,买盘,000538
244,2021-06-10,09:42:10,112.51,-0.01,5,56257,卖盘,000538
245,2021-06-10,09:42:12,112.53,0.02,4,45010,买盘,000538
246,2021-06-10,09:42:15,112.52,-0.01,2,22504,买盘,000538
247,2021-06-10,09:42:19,112.52,0.0,17,191292,中性盘,000538
248,2021-06-10,09:42:22,112.53,0.01,14,157536,卖盘,000538
249,2021-06-10,09:42:25,112.53,0.0,5,56265,卖盘,000538
250,2021-06-10,09:42:28,112.54,0.01,21,236323,买盘,000538
251,2021-06-10,09:42:30,112.6,0.06,47,529197,买盘,000538
252,2021-06-10,09:42:34,112.54,-0.06,30,337640,卖盘,000538
253,2021-06-10,09:42:37,112.53,-0.01,4,45016,卖盘,000538
254,2021-06-10,09:42:40,112.5,-0.03,66,742721,卖盘,000538
255,2021-06-10,09:42:43,112.52,0.02,8,90004,买盘,000538
256,2021-06-10,09:42:45,112.42,-0.1,15,168701,中性盘,000538
257,2021-06-10,09:42:48,112.5,0.08,14,157492,买盘,000538
258,2021-06-10,09:42:52,112.51,0.01,25,281251,买盘,000538
259,2021-06-10,09:42:54,112.5,-0.01,6,67501,卖盘,000538
260,2021-06-10,09:42:58,112.51,0.01,11,123759,买盘,000538
261,2021-06-10,09:43:00,112.51,0.0,110,1237866,买盘,000538
262,2021-06-10,09:43:04,112.51,0.0,67,753948,卖盘,000538
263,2021-06-10,09:43:07,112.6,0.09,15,168811,买盘,000538
264,2021-06-10,09:43:10,112.51,-0.09,30,337600,卖盘,000538
265,2021-06-10,09:43:12,112.52,0.01,6,67520,卖盘,000538
266,2021-06-10,09:43:16,112.52,0.0,19,213827,卖盘,000538
267,2021-06-10,09:43:18,112.52,0.0,73,821382,买盘,000538
268,2021-06-10,09:43:22,112.55,0.03,13,146306,买盘,000538
269,2021-06-10,09:43:24,112.51,-0.04,66,742529,卖盘,000538
270,2021-06-10,09:43:28,112.6,0.09,33,371529,买盘,000538
271,2021-06-10,09:43:30,112.52,-0.08,48,540252,卖盘,000538
272,2021-06-10,09:43:34,112.62,0.1,10,112589,中性盘,000538
273,2021-06-10,09:43:37,112.6,-0.02,45,506692,买盘,000538
274,2021-06-10,09:43:39,112.52,-0.08,26,292817,卖盘,000538
275,2021-06-10,09:43:43,112.64,0.12,16,180147,买盘,000538
276,2021-06-10,09:43:46,112.6,-0.04,8,90080,中性盘,000538
277,2021-06-10,09:43:48,112.6,0.0,5,56300,买盘,000538
278,2021-06-10,09:43:51,112.54,-0.06,100,1125664,卖盘,000538
279,2021-06-10,09:43:55,112.54,0.0,8,90036,中性盘,000538
280,2021-06-10,09:43:58,112.54,0.0,9,101286,买盘,000538
281,2021-06-10,09:44:01,112.52,-0.02,68,765258,卖盘,000538
282,2021-06-10,09:44:05,112.54,0.02,17,191348,买盘,000538
283,2021-06-10,09:44:07,112.52,-0.02,4,45008,卖盘,000538
284,2021-06-10,09:44:10,112.6,0.08,7,78786,买盘,000538
285,2021-06-10,09:44:13,112.54,-0.06,8,90038,卖盘,000538
286,2021-06-10,09:44:16,112.59,0.05,11,123818,买盘,000538
287,2021-06-10,09:44:19,112.54,-0.05,3,33762,卖盘,000538
288,2021-06-10,09:44:22,112.56,0.02,20,225171,买盘,000538
289,2021-06-10,09:44:24,112.6,0.04,13,146356,买盘,000538
290,2021-06-10,09:44:28,112.56,-0.04,10,112556,卖盘,000538
291,2021-06-10,09:44:30,112.56,0.0,28,315153,买盘,000538
292,2021-06-10,09:44:34,112.53,-0.03,43,483935,卖盘,000538
293,2021-06-10,09:44:36,112.6,0.07,65,731720,买盘,000538
294,2021-06-10,09:44:40,112.54,-0.06,50,562954,卖盘,000538
295,2021-06-10,09:44:42,112.6,0.06,12,135117,买盘,000538
296,2021-06-10,09:44:46,112.61,0.01,15,168919,卖盘,000538
297,2021-06-10,09:44:49,112.6,-0.01,48,540516,卖盘,000538
298,2021-06-10,09:44:51,112.61,0.01,44,495440,买盘,000538
299,2021-06-10,09:44:55,112.64,0.03,33,371720,买盘,000538
300,2021-06-10,09:44:57,112.66,0.02,36,405563,买盘,000538
301,2021-06-10,09:45:01,112.66,0.0,9,101388,买盘,000538
302,2021-06-10,09:45:05,112.63,-0.03,78,882652,卖盘,000538
303,2021-06-10,09:45:07,112.7,0.07,33,371881,买盘,000538
304,2021-06-10,09:45:09,112.7,0.0,67,754686,买盘,000538
305,2021-06-10,09:45:13,112.72,0.02,10,112704,买盘,000538
306,2021-06-10,09:45:16,112.72,0.0,11,123984,买盘,000538
307,2021-06-10,09:45:19,112.75,0.03,10,112734,买盘,000538
308,2021-06-10,09:45:21,112.72,-0.03,2,22547,卖盘,000538
309,2021-06-10,09:45:25,112.79,0.07,12,135300,买盘,000538
310,2021-06-10,09:45:27,112.8,0.01,21,236874,买盘,000538
311,2021-06-10,09:45:31,112.8,0.0,13,146640,买盘,000538
312,2021-06-10,09:45:33,112.8,0.0,12,135359,买盘,000538
313,2021-06-10,09:45:37,112.79,-0.01,5,56399,卖盘,000538
314,2021-06-10,09:45:40,112.8,0.01,59,665433,卖盘,000538
315,2021-06-10,09:45:42,112.7,-0.1,40,450907,卖盘,000538
316,2021-06-10,09:45:46,112.78,0.08,46,518687,买盘,000538
317,2021-06-10,09:45:48,112.56,-0.22,59,664368,卖盘,000538
318,2021-06-10,09:45:52,112.6,0.04,27,303952,中性盘,000538
319,2021-06-10,09:45:55,112.61,0.01,91,1024066,买盘,000538
320,2021-06-10,09:45:57,112.64,0.03,26,292705,买盘,000538
321,2021-06-10,09:46:01,112.5,-0.14,25,281289,卖盘,000538
322,2021-06-10,09:46:04,112.5,0.0,8,90000,买盘,000538
323,2021-06-10,09:46:07,112.49,-0.01,7,78723,卖盘,000538
324,2021-06-10,09:46:10,112.52,0.03,30,337501,买盘,000538
325,2021-06-10,09:46:13,112.65,0.13,35,394270,买盘,000538
326,2021-06-10,09:46:15,112.78,0.13,55,619404,买盘,000538
327,2021-06-10,09:46:19,112.78,0.0,14,157875,买盘,000538
328,2021-06-10,09:46:22,112.77,-0.01,8,90223,中性盘,000538
329,2021-06-10,09:46:25,112.78,0.01,15,169112,买盘,000538
330,2021-06-10,09:46:27,112.77,-0.01,23,259322,中性盘,000538
331,2021-06-10,09:46:31,112.62,-0.15,35,394190,卖盘,000538
332,2021-06-10,09:46:33,112.62,0.0,14,157668,买盘,000538
333,2021-06-10,09:46:37,112.63,0.01,10,112625,买盘,000538
334,2021-06-10,09:46:39,112.7,0.07,8,90165,买盘,000538
335,2021-06-10,09:46:43,112.77,0.07,205,2307625,买盘,000538
336,2021-06-10,09:46:45,112.63,-0.14,16,180193,中性盘,000538
337,2021-06-10,09:46:49,112.63,0.0,28,315347,买盘,000538
338,2021-06-10,09:46:52,112.62,-0.01,23,259018,卖盘,000538
339,2021-06-10,09:46:55,112.62,0.0,40,450478,买盘,000538
340,2021-06-10,09:46:57,112.61,-0.01,20,225235,中性盘,000538
341,2021-06-10,09:47:00,112.62,0.01,26,292808,中性盘,000538
342,2021-06-10,09:47:04,112.61,-0.01,29,326571,卖盘,000538
343,2021-06-10,09:47:07,112.61,0.0,49,551788,卖盘,000538
344,2021-06-10,09:47:10,112.61,0.0,35,394120,买盘,000538
345,2021-06-10,09:47:12,112.61,0.0,16,180152,买盘,000538
346,2021-06-10,09:47:16,112.59,-0.02,2,22518,中性盘,000538
347,2021-06-10,09:47:19,112.45,-0.14,151,1698837,卖盘,000538
348,2021-06-10,09:47:21,112.5,0.05,11,123748,买盘,000538
349,2021-06-10,09:47:25,112.5,0.0,6,67531,中性盘,000538
350,2021-06-10,09:47:27,112.44,-0.06,10,112448,卖盘,000538
351,2021-06-10,09:47:31,112.44,0.0,17,191136,买盘,000538
352,2021-06-10,09:47:34,112.44,0.0,21,236050,买盘,000538
353,2021-06-10,09:47:37,112.44,0.0,28,314784,买盘,000538
354,2021-06-10,09:47:39,112.44,0.0,20,224880,买盘,000538
355,2021-06-10,09:47:43,112.48,0.04,8,89966,买盘,000538
356,2021-06-10,09:47:46,112.47,-0.01,8,89980,卖盘,000538
357,2021-06-10,09:47:48,112.5,0.03,12,134943,买盘,000538
358,2021-06-10,09:47:52,112.5,0.0,10,112498,买盘,000538
359,2021-06-10,09:47:55,112.45,-0.05,35,393710,卖盘,000538
360,2021-06-10,09:47:58,112.5,0.05,3,33750,买盘,000538
361,2021-06-10,09:48:01,112.48,-0.02,11,123709,卖盘,000538
362,2021-06-10,09:48:05,112.44,-0.04,50,562378,卖盘,000538
363,2021-06-10,09:48:07,112.44,0.0,11,123680,买盘,000538
364,2021-06-10,09:48:10,112.44,0.0,7,78707,买盘,000538
365,2021-06-10,09:48:13,112.44,0.0,10,112426,买盘,000538
366,2021-06-10,09:48:16,112.4,-0.04,69,775550,卖盘,000538
367,2021-06-10,09:48:19,112.35,-0.05,52,584192,卖盘,000538
368,2021-06-10,09:48:22,112.29,-0.06,15,168446,卖盘,000538
369,2021-06-10,09:48:25,112.24,-0.05,41,460238,卖盘,000538
370,2021-06-10,09:48:28,112.21,-0.03,43,482669,卖盘,000538
371,2021-06-10,09:48:31,112.2,-0.01,49,549780,卖盘,000538
372,2021-06-10,09:48:34,112.24,0.04,6,67325,买盘,000538
373,2021-06-10,09:48:37,112.18,-0.06,12,134629,卖盘,000538
374,2021-06-10,09:48:39,112.18,0.0,65,729509,卖盘,000538
375,2021-06-10,09:48:42,112.18,0.0,8,89740,买盘,000538
376,2021-06-10,09:48:46,112.18,0.0,12,134615,买盘,000538
377,2021-06-10,09:48:48,112.18,0.0,39,437482,买盘,000538
378,2021-06-10,09:48:51,112.18,0.0,31,347751,买盘,000538
379,2021-06-10,09:48:55,112.18,0.0,11,123401,卖盘,000538
380,2021-06-10,09:48:57,112.35,0.17,9,101011,买盘,000538
381,2021-06-10,09:49:01,112.18,-0.17,11,123472,卖盘,000538
382,2021-06-10,09:49:04,112.35,0.17,3,33705,中性盘,000538
383,2021-06-10,09:49:07,112.35,0.0,18,202230,卖盘,000538
384,2021-06-10,09:49:10,112.38,0.03,4,44943,买盘,000538
385,2021-06-10,09:49:12,112.38,0.0,4,44952,买盘,000538
386,2021-06-10,09:49:16,112.3,-0.08,35,393018,中性盘,000538
387,2021-06-10,09:49:19,112.22,-0.08,3,33666,卖盘,000538
388,2021-06-10,09:49:22,112.23,0.01,33,370351,买盘,000538
389,2021-06-10,09:49:24,112.24,0.01,3,33671,中性盘,000538
390,2021-06-10,09:49:28,112.23,-0.01,9,101015,卖盘,000538
391,2021-06-10,09:49:31,112.3,0.07,18,202113,买盘,000538
392,2021-06-10,09:49:34,112.25,-0.05,10,112351,卖盘,000538
393,2021-06-10,09:49:37,112.37,0.12,1,11237,中性盘,000538
394,2021-06-10,09:49:43,112.38,0.01,6,67427,买盘,000538
395,2021-06-10,09:49:45,112.38,0.0,17,191023,买盘,000538
396,2021-06-10,09:49:49,112.37,-0.01,20,224732,卖盘,000538
397,2021-06-10,09:49:52,112.25,-0.12,12,134736,卖盘,000538
398,2021-06-10,09:49:55,112.37,0.12,41,460273,买盘,000538
399,2021-06-10,09:49:57,112.3,-0.07,5,56161,中性盘,000538
400,2021-06-10,09:50:00,112.32,0.02,1,11232,买盘,000538
401,2021-06-10,09:50:04,112.32,0.0,2,22464,买盘,000538
402,2021-06-10,09:50:07,112.31,-0.01,22,247129,卖盘,000538
403,2021-06-10,09:50:09,112.32,0.01,27,303267,卖盘,000538
404,2021-06-10,09:50:13,112.32,0.0,35,393120,买盘,000538
405,2021-06-10,09:50:15,112.3,-0.02,36,404315,卖盘,000538
406,2021-06-10,09:50:18,112.3,0.0,11,123516,买盘,000538
407,2021-06-10,09:50:22,112.3,0.0,8,89836,买盘,000538
408,2021-06-10,09:50:25,112.3,0.0,13,145937,买盘,000538
409,2021-06-10,09:50:28,112.28,-0.02,6,67370,卖盘,000538
410,2021-06-10,09:50:30,112.28,0.0,44,493958,买盘,000538
411,2021-06-10,09:50:34,112.26,-0.02,25,280639,卖盘,000538
412,2021-06-10,09:50:37,112.26,0.0,8,89807,买盘,000538
413,2021-06-10,09:50:39,112.26,0.0,49,550126,买盘,000538
414,2021-06-10,09:50:42,112.26,0.0,9,101040,卖盘,000538
415,2021-06-10,09:50:46,112.26,0.0,23,258218,卖盘,000538
416,2021-06-10,09:50:48,112.3,0.04,27,303144,买盘,000538
417,2021-06-10,09:50:52,112.27,-0.03,16,179642,卖盘,000538
418,2021-06-10,09:50:55,112.28,0.01,2,22455,中性盘,000538
419,2021-06-10,09:50:58,112.28,0.0,1,11228,买盘,000538
420,2021-06-10,09:51:00,112.3,0.02,6,67365,买盘,000538
421,2021-06-10,09:51:04,112.27,-0.03,63,707449,卖盘,000538
422,2021-06-10,09:51:07,112.27,0.0,18,202082,买盘,000538
423,2021-06-10,09:51:10,112.28,0.01,41,460309,买盘,000538
424,2021-06-10,09:51:12,112.3,0.02,10,112292,买盘,000538
425,2021-06-10,09:51:16,112.28,-0.02,19,213328,卖盘,000538
426,2021-06-10,09:51:18,112.3,0.02,12,134764,买盘,000538
427,2021-06-10,09:51:21,112.3,0.0,8,89845,中性盘,000538
428,2021-06-10,09:51:24,112.3,0.0,7,78605,买盘,000538
429,2021-06-10,09:51:28,112.29,-0.01,2,22460,卖盘,000538
430,2021-06-10,09:51:31,112.3,0.01,18,202120,中性盘,000538
431,2021-06-10,09:51:34,112.29,-0.01,17,190901,中性盘,000538
432,2021-06-10,09:51:36,112.28,-0.01,15,168432,卖盘,000538
433,2021-06-10,09:51:39,112.27,-0.01,42,471558,卖盘,000538
434,2021-06-10,09:51:43,112.3,0.03,64,718554,买盘,000538
435,2021-06-10,09:51:45,112.26,-0.04,6,67355,中性盘,000538
436,2021-06-10,09:51:48,112.24,-0.02,35,392944,卖盘,000538
437,2021-06-10,09:51:52,112.26,0.02,16,179622,卖盘,000538
438,2021-06-10,09:51:54,112.26,0.0,4,44906,卖盘,000538
439,2021-06-10,09:51:58,112.27,0.01,18,202036,买盘,000538
440,2021-06-10,09:52:01,112.23,-0.04,22,246962,卖盘,000538
441,2021-06-10,09:52:04,112.25,0.02,23,258174,卖盘,000538
442,2021-06-10,09:52:07,112.22,-0.03,15,168341,卖盘,000538
443,2021-06-10,09:52:10,112.16,-0.06,168,1884755,卖盘,000538
444,2021-06-10,09:52:12,112.05,-0.11,385,4315426,卖盘,000538
445,2021-06-10,09:52:16,111.94,-0.11,546,6115202,卖盘,000538
446,2021-06-10,09:52:18,111.9,-0.04,35,391649,卖盘,000538
447,2021-06-10,09:52:22,111.88,-0.02,30,335649,卖盘,000538
448,2021-06-10,09:52:25,111.96,0.08,83,929011,买盘,000538
449,2021-06-10,09:52:27,111.97,0.01,35,390465,中性盘,000538
450,2021-06-10,09:52:31,112.0,0.03,20,223990,买盘,000538
451,2021-06-10,09:52:34,111.96,-0.04,22,246338,卖盘,000538
452,2021-06-10,09:52:37,111.96,0.0,14,156771,卖盘,000538
453,2021-06-10,09:52:40,111.93,-0.03,8,89562,卖盘,000538
454,2021-06-10,09:52:43,111.96,0.03,6,67174,买盘,000538
455,2021-06-10,09:52:46,111.96,0.0,22,246308,买盘,000538
456,2021-06-10,09:52:49,112.0,0.04,92,1029968,买盘,000538
457,2021-06-10,09:52:52,111.94,-0.06,27,302262,卖盘,000538
458,2021-06-10,09:52:55,111.94,0.0,9,100745,买盘,000538
459,2021-06-10,09:52:58,111.94,0.0,8,89551,买盘,000538
460,2021-06-10,09:53:00,111.94,0.0,64,716295,买盘,000538
461,2021-06-10,09:53:05,111.94,0.0,27,302214,买盘,000538
462,2021-06-10,09:53:06,111.94,0.0,4,44776,卖盘,000538
463,2021-06-10,09:53:10,111.95,0.01,10,111950,买盘,000538
464,2021-06-10,09:53:13,111.95,0.0,15,167924,买盘,000538
465,2021-06-10,09:53:16,111.94,-0.01,32,358236,卖盘,000538
466,2021-06-10,09:53:19,111.95,0.01,1,11195,卖盘,000538
467,2021-06-10,09:53:21,111.96,0.01,3,33587,中性盘,000538
468,2021-06-10,09:53:25,111.95,-0.01,31,347106,卖盘,000538
469,2021-06-10,09:53:28,111.95,0.0,47,526187,卖盘,000538
470,2021-06-10,09:53:30,111.99,0.04,8,89570,中性盘,000538
471,2021-06-10,09:53:34,112.0,0.01,16,179191,买盘,000538
472,2021-06-10,09:53:37,111.99,-0.01,40,447984,中性盘,000538
473,2021-06-10,09:53:40,112.0,0.01,56,627111,中性盘,000538
474,2021-06-10,09:53:42,111.99,-0.01,12,134389,中性盘,000538
475,2021-06-10,09:53:46,111.96,-0.03,8,89579,卖盘,000538
476,2021-06-10,09:53:49,111.96,0.0,15,167935,买盘,000538
477,2021-06-10,09:53:52,111.96,0.0,41,459012,买盘,000538
478,2021-06-10,09:53:55,111.99,0.03,4,44793,买盘,000538
479,2021-06-10,09:53:57,111.99,0.0,2,22398,中性盘,000538
480,2021-06-10,09:54:01,111.96,-0.03,21,235131,卖盘,000538
481,2021-06-10,09:54:05,111.95,-0.01,30,335871,卖盘,000538
482,2021-06-10,09:54:07,111.95,0.0,90,1007494,卖盘,000538
483,2021-06-10,09:54:09,111.95,0.0,60,671594,买盘,000538
484,2021-06-10,09:54:13,111.93,-0.02,143,1600936,卖盘,000538
485,2021-06-10,09:54:16,111.93,0.0,20,223864,卖盘,000538
486,2021-06-10,09:54:19,111.93,0.0,24,268627,买盘,000538
487,2021-06-10,09:54:21,111.93,0.0,3,33575,买盘,000538
488,2021-06-10,09:54:25,111.91,-0.02,7,78347,卖盘,000538
489,2021-06-10,09:54:28,111.95,0.04,32,358172,买盘,000538
490,2021-06-10,09:54:30,111.95,0.0,2,22390,卖盘,000538
491,2021-06-10,09:54:34,111.93,-0.02,46,515002,卖盘,000538
492,2021-06-10,09:54:36,111.95,0.02,18,201476,中性盘,000538
493,2021-06-10,09:54:40,111.91,-0.04,9,100739,卖盘,000538
494,2021-06-10,09:54:42,111.91,0.0,24,268614,卖盘,000538
495,2021-06-10,09:54:46,111.92,0.01,13,145495,中性盘,000538
496,2021-06-10,09:54:49,111.9,-0.02,70,783320,卖盘,000538
497,2021-06-10,09:54:52,111.93,0.03,13,145490,买盘,000538
498,2021-06-10,09:54:54,111.91,-0.02,14,156662,买盘,000538
499,2021-06-10,09:54:57,111.9,-0.01,16,179040,卖盘,000538
500,2021-06-10,09:55:01,111.88,-0.02,31,346865,卖盘,000538
501,2021-06-10,09:55:05,111.9,0.02,60,671285,买盘,000538
502,2021-06-10,09:55:07,111.89,-0.01,10,111883,买盘,000538
503,2021-06-10,09:55:10,111.88,-0.01,12,134238,卖盘,000538
504,2021-06-10,09:55:12,111.88,0.0,6,67128,买盘,000538
505,2021-06-10,09:55:16,111.85,-0.03,62,693473,卖盘,000538
506,2021-06-10,09:55:18,111.85,0.0,25,279655,卖盘,000538
507,2021-06-10,09:55:22,111.85,0.0,73,816505,卖盘,000538
508,2021-06-10,09:55:24,111.85,0.0,22,246022,买盘,000538
509,2021-06-10,09:55:28,111.85,0.0,225,2515601,买盘,000538
510,2021-06-10,09:55:31,111.84,-0.01,9,100636,中性盘,000538
511,2021-06-10,09:55:34,111.82,-0.02,6,67099,卖盘,000538
512,2021-06-10,09:55:36,111.81,-0.01,23,257182,卖盘,000538
513,2021-06-10,09:55:40,111.83,0.02,23,257171,买盘,000538
514,2021-06-10,09:55:42,111.82,-0.01,17,190084,中性盘,000538
515,2021-06-10,09:55:46,111.81,-0.01,26,290722,卖盘,000538
516,2021-06-10,09:55:48,111.81,0.0,11,122989,卖盘,000538
517,2021-06-10,09:55:51,111.8,-0.01,5,55900,卖盘,000538
518,2021-06-10,09:55:54,111.8,0.0,7,78260,买盘,000538
519,2021-06-10,09:55:58,111.79,-0.01,28,313038,卖盘,000538
520,2021-06-10,09:56:00,111.78,-0.01,14,156506,卖盘,000538
521,2021-06-10,09:56:04,111.78,0.0,9,100609,卖盘,000538
522,2021-06-10,09:56:07,111.79,0.01,13,145320,买盘,000538
523,2021-06-10,09:56:09,111.77,-0.02,114,1274322,卖盘,000538
524,2021-06-10,09:56:13,111.78,0.01,53,592405,买盘,000538
525,2021-06-10,09:56:15,111.78,0.0,15,167664,买盘,000538
526,2021-06-10,09:56:19,111.76,-0.02,34,379975,卖盘,000538
527,2021-06-10,09:56:22,111.77,0.01,11,122956,中性盘,000538
528,2021-06-10,09:56:24,111.7,-0.07,78,871347,卖盘,000538
529,2021-06-10,09:56:28,111.69,-0.01,28,312874,卖盘,000538
530,2021-06-10,09:56:31,111.69,0.0,27,301563,买盘,000538
531,2021-06-10,09:56:33,111.69,0.0,29,323872,买盘,000538
532,2021-06-10,09:56:37,111.67,-0.02,38,424319,中性盘,000538
533,2021-06-10,09:56:39,111.66,-0.01,24,266188,中性盘,000538
534,2021-06-10,09:56:43,111.66,0.0,7,78168,买盘,000538
535,2021-06-10,09:56:46,111.66,0.0,7,78155,买盘,000538
536,2021-06-10,09:56:49,111.64,-0.02,27,303226,卖盘,000538
537,2021-06-10,09:56:52,111.64,0.0,30,333213,买盘,000538
538,2021-06-10,09:56:55,111.64,0.0,12,133948,买盘,000538
539,2021-06-10,09:56:58,111.62,-0.02,29,323699,中性盘,000538
540,2021-06-10,09:57:01,111.63,0.01,17,189772,买盘,000538
541,2021-06-10,09:57:04,111.61,-0.02,85,951443,卖盘,000538
542,2021-06-10,09:57:06,111.6,-0.01,32,357166,卖盘,000538
543,2021-06-10,09:57:10,111.62,0.02,21,234389,买盘,000538
544,2021-06-10,09:57:12,111.61,-0.01,123,1372868,卖盘,000538
545,2021-06-10,09:57:15,111.64,0.03,18,200906,买盘,000538
546,2021-06-10,09:57:19,111.62,-0.02,31,346035,中性盘,000538
547,2021-06-10,09:57:21,111.6,-0.02,26,290193,卖盘,000538
548,2021-06-10,09:57:25,111.61,0.01,23,256751,卖盘,000538
549,2021-06-10,09:57:28,111.62,0.01,30,334823,买盘,000538
550,2021-06-10,09:57:31,111.62,0.0,21,234404,卖盘,000538
551,2021-06-10,09:57:33,111.64,0.02,58,647467,买盘,000538
552,2021-06-10,09:57:37,111.64,0.0,58,647401,买盘,000538
553,2021-06-10,09:57:40,111.61,-0.03,72,803586,卖盘,000538
554,2021-06-10,09:57:42,111.61,0.0,16,178588,中性盘,000538
555,2021-06-10,09:57:45,111.62,0.01,7,78134,买盘,000538
556,2021-06-10,09:57:49,111.62,0.0,40,446443,买盘,000538
557,2021-06-10,09:57:52,111.62,0.0,32,357188,买盘,000538
558,2021-06-10,09:57:55,111.73,0.11,206,2298301,买盘,000538
559,2021-06-10,09:57:58,111.78,0.05,9,100562,买盘,000538
560,2021-06-10,09:58:01,111.66,-0.12,8,89354,卖盘,000538
561,2021-06-10,09:58:04,111.79,0.13,11,122961,买盘,000538
562,2021-06-10,09:58:07,111.73,-0.06,8,89411,卖盘,000538
563,2021-06-10,09:58:10,111.77,0.04,17,189934,买盘,000538
564,2021-06-10,09:58:12,111.78,0.01,11,122948,中性盘,000538
565,2021-06-10,09:58:16,111.73,-0.05,1,11173,卖盘,000538
566,2021-06-10,09:58:18,111.73,0.0,10,111730,买盘,000538
567,2021-06-10,09:58:22,111.73,0.0,2,22346,买盘,000538
568,2021-06-10,09:58:25,111.73,0.0,10,111722,买盘,000538
569,2021-06-10,09:58:28,111.79,0.06,64,715106,买盘,000538
570,2021-06-10,09:58:30,111.73,-0.06,14,156406,中性盘,000538
571,2021-06-10,09:58:33,111.7,-0.03,20,223435,卖盘,000538
572,2021-06-10,09:58:36,111.8,0.1,10,111760,买盘,000538
573,2021-06-10,09:58:40,111.71,-0.09,7,78205,中性盘,000538
574,2021-06-10,09:58:43,111.73,0.02,6,67037,买盘,000538
575,2021-06-10,09:58:45,111.73,0.0,18,201120,买盘,000538
576,2021-06-10,09:58:49,111.8,0.07,25,284431,买盘,000538
577,2021-06-10,09:58:51,111.8,0.0,5,55903,卖盘,000538
578,2021-06-10,09:58:58,111.73,-0.07,5,55879,卖盘,000538
579,2021-06-10,09:59:00,111.8,0.07,42,469508,买盘,000538
580,2021-06-10,09:59:04,111.83,0.03,49,547832,买盘,000538
581,2021-06-10,09:59:07,111.78,-0.05,15,167692,卖盘,000538
582,2021-06-10,09:59:10,111.84,0.06,3,33551,买盘,000538
583,2021-06-10,09:59:12,111.8,-0.04,62,693312,卖盘,000538
584,2021-06-10,09:59:16,111.79,-0.01,6,67069,买盘,000538
585,2021-06-10,09:59:19,111.8,0.01,23,257118,买盘,000538
586,2021-06-10,09:59:21,111.8,0.0,14,156516,买盘,000538
587,2021-06-10,09:59:25,111.8,0.0,2,22359,买盘,000538
588,2021-06-10,09:59:28,111.77,-0.03,15,167689,卖盘,000538
589,2021-06-10,09:59:31,111.78,0.01,32,357715,中性盘,000538
590,2021-06-10,09:59:34,111.79,0.01,20,223581,买盘,000538
591,2021-06-10,09:59:36,111.77,-0.02,7,78241,中性盘,000538
592,2021-06-10,09:59:40,111.79,0.02,78,871603,中性盘,000538
593,2021-06-10,09:59:43,111.77,-0.02,9,100580,中性盘,000538
594,2021-06-10,09:59:45,111.8,0.03,47,525449,买盘,000538
595,2021-06-10,09:59:49,111.76,-0.04,28,312888,卖盘,000538
596,2021-06-10,09:59:52,111.77,0.01,8,89415,买盘,000538
597,2021-06-10,09:59:54,111.79,0.02,9,100597,买盘,000538
598,2021-06-10,09:59:58,111.79,0.0,5,55897,买盘,000538
599,2021-06-10,10:00:01,111.79,0.0,2,22359,卖盘,000538
600,2021-06-10,10:00:04,111.79,0.0,162,1811143,卖盘,000538
601,2021-06-10,10:00:07,111.8,0.01,32,357729,买盘,000538
602,2021-06-10,10:00:09,111.82,0.02,6,67088,买盘,000538
603,2021-06-10,10:00:13,111.9,0.08,91,1018183,买盘,000538
604,2021-06-10,10:00:16,111.9,0.0,8,89550,卖盘,000538
605,2021-06-10,10:00:19,112.0,0.1,16,179200,买盘,000538
606,2021-06-10,10:00:21,112.0,0.0,47,526098,买盘,000538
607,2021-06-10,10:00:25,112.0,0.0,6,67205,中性盘,000538
608,2021-06-10,10:00:28,112.03,0.03,3,33609,买盘,000538
609,2021-06-10,10:00:31,112.03,0.0,20,224045,买盘,000538
610,2021-06-10,10:00:34,112.03,0.0,36,403307,买盘,000538
611,2021-06-10,10:00:40,112.02,-0.01,25,280084,卖盘,000538
612,2021-06-10,10:00:42,112.16,0.14,36,403395,买盘,000538
613,2021-06-10,10:00:46,112.04,-0.12,1,11204,卖盘,000538
614,2021-06-10,10:00:49,112.14,0.1,4,44835,买盘,000538
615,2021-06-10,10:00:52,112.16,0.02,10,112144,买盘,000538
616,2021-06-10,10:00:54,112.16,0.0,13,145796,买盘,000538
617,2021-06-10,10:00:58,112.19,0.03,2,22438,买盘,000538
618,2021-06-10,10:01:01,112.19,0.0,12,134628,买盘,000538
619,2021-06-10,10:01:04,112.19,0.0,17,190783,卖盘,000538
620,2021-06-10,10:01:07,112.19,0.0,34,381478,卖盘,000538
621,2021-06-10,10:01:10,112.25,0.06,19,213179,买盘,000538
622,2021-06-10,10:01:13,112.19,-0.06,18,201955,卖盘,000538
623,2021-06-10,10:01:16,112.06,-0.13,35,392489,卖盘,000538
624,2021-06-10,10:01:19,112.08,0.02,29,324971,买盘,000538
625,2021-06-10,10:01:21,112.2,0.12,139,1558317,买盘,000538
626,2021-06-10,10:01:25,112.19,-0.01,1,11219,中性盘,000538
627,2021-06-10,10:01:28,112.0,-0.19,11,123279,卖盘,000538
628,2021-06-10,10:01:30,112.13,0.13,8,89683,买盘,000538
629,2021-06-10,10:01:34,112.12,-0.01,17,190489,买盘,000538
630,2021-06-10,10:01:37,112.12,0.0,54,605348,买盘,000538
631,2021-06-10,10:01:39,112.0,-0.12,40,448036,卖盘,000538
632,2021-06-10,10:01:43,112.18,0.18,19,213055,买盘,000538
633,2021-06-10,10:01:52,112.08,-0.1,8,89680,卖盘,000538
634,2021-06-10,10:01:55,112.11,0.03,11,123299,中性盘,000538
635,2021-06-10,10:01:58,112.1,-0.01,28,313876,中性盘,000538
636,2021-06-10,10:02:00,112.09,-0.01,3,33629,卖盘,000538
637,2021-06-10,10:02:04,112.1,0.01,21,235382,中性盘,000538
638,2021-06-10,10:02:07,112.1,0.0,1,11210,买盘,000538
639,2021-06-10,10:02:09,112.09,-0.01,5,56042,买盘,000538
640,2021-06-10,10:02:13,112.08,-0.01,4,44831,买盘,000538
641,2021-06-10,10:02:16,112.03,-0.05,4,44812,卖盘,000538
642,2021-06-10,10:02:18,112.01,-0.02,29,324902,卖盘,000538
643,2021-06-10,10:02:22,112.05,0.04,9,100837,买盘,000538
644,2021-06-10,10:02:24,112.07,0.02,89,997376,买盘,000538
645,2021-06-10,10:02:28,112.07,0.0,39,437082,卖盘,000538
646,2021-06-10,10:02:31,112.05,-0.02,4,44823,卖盘,000538
647,2021-06-10,10:02:33,112.03,-0.02,2,22409,卖盘,000538
648,2021-06-10,10:02:37,112.03,0.0,2,22406,卖盘,000538
649,2021-06-10,10:02:40,112.1,0.07,54,605240,买盘,000538
650,2021-06-10,10:02:42,112.12,0.02,23,257876,买盘,000538
651,2021-06-10,10:02:46,112.12,0.0,23,257881,买盘,000538
652,2021-06-10,10:02:48,112.2,0.08,36,403868,买盘,000538
653,2021-06-10,10:02:52,112.12,-0.08,59,661647,卖盘,000538
654,2021-06-10,10:02:55,112.25,0.13,4,44874,买盘,000538
655,2021-06-10,10:02:57,112.2,-0.05,12,134663,卖盘,000538
656,2021-06-10,10:03:01,112.23,0.03,10,112240,卖盘,000538
657,2021-06-10,10:03:05,112.13,-0.1,47,527040,卖盘,000538
658,2021-06-10,10:03:06,112.3,0.17,32,359228,买盘,000538
659,2021-06-10,10:03:10,112.3,0.0,19,213373,买盘,000538
660,2021-06-10,10:03:13,112.3,0.0,5,56157,卖盘,000538
661,2021-06-10,10:03:16,112.4,0.1,9,101123,买盘,000538
662,2021-06-10,10:03:19,112.33,-0.07,17,190958,中性盘,000538
663,2021-06-10,10:03:21,112.35,0.02,6,67397,买盘,000538
664,2021-06-10,10:03:27,112.35,0.0,2,22468,买盘,000538
665,2021-06-10,10:03:31,112.41,0.06,17,191102,买盘,000538
666,2021-06-10,10:03:34,112.4,-0.01,9,101148,买盘,000538
667,2021-06-10,10:03:37,112.41,0.01,26,292196,中性盘,000538
668,2021-06-10,10:03:40,112.4,-0.01,43,483431,卖盘,000538
669,2021-06-10,10:03:43,112.4,0.0,16,179840,买盘,000538
670,2021-06-10,10:03:46,112.4,0.0,42,472005,买盘,000538
671,2021-06-10,10:03:48,112.41,0.01,6,67453,卖盘,000538
672,2021-06-10,10:03:52,112.45,0.04,16,179957,买盘,000538
673,2021-06-10,10:03:54,112.45,0.0,1,11245,卖盘,000538
674,2021-06-10,10:03:57,112.31,-0.14,137,1539488,卖盘,000538
675,2021-06-10,10:04:01,112.3,-0.01,25,280763,卖盘,000538
676,2021-06-10,10:04:04,112.3,0.0,4,44923,卖盘,000538
677,2021-06-10,10:04:07,112.31,0.01,12,134771,买盘,000538
678,2021-06-10,10:04:10,112.31,0.0,25,280775,买盘,000538
679,2021-06-10,10:04:13,112.31,0.0,30,336930,买盘,000538
680,2021-06-10,10:04:15,112.31,0.0,22,247163,卖盘,000538
681,2021-06-10,10:04:18,112.31,0.0,12,134772,买盘,000538
682,2021-06-10,10:04:22,112.31,0.0,10,112306,买盘,000538
683,2021-06-10,10:04:25,112.31,0.0,3,33691,买盘,000538
684,2021-06-10,10:04:28,112.31,0.0,27,303237,买盘,000538
685,2021-06-10,10:04:31,112.31,0.0,8,89939,卖盘,000538
686,2021-06-10,10:04:34,112.44,0.13,3,33732,买盘,000538
687,2021-06-10,10:04:36,112.43,-0.01,16,179747,中性盘,000538
688,2021-06-10,10:04:40,112.42,-0.01,4,44968,买盘,000538
689,2021-06-10,10:04:42,112.42,0.0,12,134904,买盘,000538
690,2021-06-10,10:04:46,112.4,-0.02,8,89909,卖盘,000538
691,2021-06-10,10:04:48,112.43,0.03,32,359715,买盘,000538
692,2021-06-10,10:04:51,112.4,-0.03,15,168509,中性盘,000538
693,2021-06-10,10:04:55,112.35,-0.05,5,56171,买盘,000538
694,2021-06-10,10:04:57,112.4,0.05,50,561775,买盘,000538
695,2021-06-10,10:05:01,112.35,-0.05,3,33715,卖盘,000538
696,2021-06-10,10:05:04,112.4,0.05,12,132485,买盘,000538
697,2021-06-10,10:05:06,112.36,-0.04,13,146109,卖盘,000538
698,2021-06-10,10:05:09,112.35,-0.01,12,134846,卖盘,000538
699,2021-06-10,10:05:13,112.35,0.0,2,22471,卖盘,000538
700,2021-06-10,10:05:16,112.37,0.02,21,236002,中性盘,000538
701,2021-06-10,10:05:19,112.37,0.0,5,56203,卖盘,000538
702,2021-06-10,10:05:22,112.4,0.03,5,56204,卖盘,000538
703,2021-06-10,10:05:25,112.42,0.02,8,89924,买盘,000538
704,2021-06-10,10:05:28,112.4,-0.02,60,674605,卖盘,000538
705,2021-06-10,10:05:30,112.4,0.0,7,78680,买盘,000538
706,2021-06-10,10:05:34,112.4,0.0,29,325960,买盘,000538
707,2021-06-10,10:05:36,112.43,0.03,26,292250,买盘,000538
708,2021-06-10,10:05:40,112.41,-0.02,22,247302,卖盘,000538
709,2021-06-10,10:05:42,112.41,0.0,35,393562,买盘,000538
710,2021-06-10,10:05:46,112.43,0.02,3,33731,中性盘,000538
711,2021-06-10,10:05:48,112.48,0.05,4,44983,买盘,000538
712,2021-06-10,10:05:52,112.5,0.02,46,517428,买盘,000538
713,2021-06-10,10:05:54,112.49,-0.01,1,11249,卖盘,000538
714,2021-06-10,10:05:58,112.5,0.01,13,146250,买盘,000538
715,2021-06-10,10:06:00,112.49,-0.01,7,78747,买盘,000538
716,2021-06-10,10:06:04,112.5,0.01,49,548101,卖盘,000538
717,2021-06-10,10:06:06,112.5,0.0,11,123820,卖盘,000538
718,2021-06-10,10:06:09,112.59,0.09,15,168840,买盘,000538
719,2021-06-10,10:06:13,112.59,0.0,20,225156,卖盘,000538
720,2021-06-10,10:06:16,112.59,0.0,1,11259,中性盘,000538
721,2021-06-10,10:06:19,112.6,0.01,22,247706,买盘,000538
722,2021-06-10,10:06:21,112.6,0.0,5,56300,卖盘,000538
723,2021-06-10,10:06:25,112.69,0.09,35,394254,买盘,000538
724,2021-06-10,10:06:28,112.7,0.01,6,67616,买盘,000538
725,2021-06-10,10:06:31,112.7,0.0,44,495879,买盘,000538
726,2021-06-10,10:06:34,112.7,0.0,5,56350,买盘,000538
727,2021-06-10,10:06:36,112.69,-0.01,22,247936,买盘,000538
728,2021-06-10,10:06:40,112.68,-0.01,31,349311,卖盘,000538
729,2021-06-10,10:06:43,112.69,0.01,21,236637,买盘,000538
730,2021-06-10,10:06:45,112.69,0.0,34,383122,买盘,000538
731,2021-06-10,10:06:49,112.68,-0.01,17,191564,卖盘,000538
732,2021-06-10,10:06:52,112.68,0.0,14,157752,买盘,000538
733,2021-06-10,10:06:54,112.68,0.0,16,180287,买盘,000538
734,2021-06-10,10:06:57,112.68,0.0,18,202807,买盘,000538
735,2021-06-10,10:07:01,112.68,0.0,10,112682,卖盘,000538
736,2021-06-10,10:07:04,112.62,-0.06,63,709564,卖盘,000538
737,2021-06-10,10:07:06,112.66,0.04,48,540641,买盘,000538
738,2021-06-10,10:07:10,112.68,0.02,23,259063,买盘,000538
739,2021-06-10,10:07:12,112.68,0.0,22,247759,买盘,000538
740,2021-06-10,10:07:16,112.6,-0.08,30,337972,卖盘,000538
741,2021-06-10,10:07:18,112.58,-0.02,3,33778,卖盘,000538
742,2021-06-10,10:07:21,112.6,0.02,33,371578,买盘,000538
743,2021-06-10,10:07:25,112.57,-0.03,11,123840,中性盘,000538
744,2021-06-10,10:07:28,112.55,-0.02,2,22508,中性盘,000538
745,2021-06-10,10:07:31,112.53,-0.02,5,56280,卖盘,000538
746,2021-06-10,10:07:33,112.56,0.03,3,33768,买盘,000538
747,2021-06-10,10:07:37,112.52,-0.04,57,641395,卖盘,000538
748,2021-06-10,10:07:39,112.53,0.01,7,78766,买盘,000538
749,2021-06-10,10:07:43,112.5,-0.03,29,326266,卖盘,000538
750,2021-06-10,10:07:46,112.5,0.0,40,449993,卖盘,000538
751,2021-06-10,10:07:48,112.5,0.0,18,205635,中性盘,000538
752,2021-06-10,10:07:52,112.49,-0.01,20,224962,中性盘,000538
753,2021-06-10,10:07:54,112.45,-0.04,3,33735,卖盘,000538
754,2021-06-10,10:07:58,112.48,0.03,2,22494,买盘,000538
755,2021-06-10,10:08:00,112.4,-0.08,32,359753,卖盘,000538
756,2021-06-10,10:08:05,112.42,0.02,19,213566,买盘,000538
757,2021-06-10,10:08:07,112.37,-0.05,16,179836,卖盘,000538
758,2021-06-10,10:08:10,112.42,0.05,27,303455,买盘,000538
759,2021-06-10,10:08:12,112.36,-0.06,3,33712,卖盘,000538
760,2021-06-10,10:08:16,112.36,0.0,11,123596,卖盘,000538
761,2021-06-10,10:08:19,112.36,0.0,61,685426,买盘,000538
762,2021-06-10,10:08:22,112.35,-0.01,22,247184,卖盘,000538
763,2021-06-10,10:08:25,112.35,0.0,15,168525,买盘,000538
764,2021-06-10,10:08:28,112.33,-0.02,5,56173,卖盘,000538
765,2021-06-10,10:08:31,112.32,-0.01,2,22465,卖盘,000538
766,2021-06-10,10:08:34,112.33,0.01,31,348203,买盘,000538
767,2021-06-10,10:08:37,112.32,-0.01,1,11232,中性盘,000538
768,2021-06-10,10:08:39,112.32,0.0,11,123558,买盘,000538
769,2021-06-10,10:08:43,112.31,-0.01,22,247082,卖盘,000538
770,2021-06-10,10:08:46,112.29,-0.02,34,381837,卖盘,000538
771,2021-06-10,10:08:49,112.29,0.0,3,33688,卖盘,000538
772,2021-06-10,10:08:52,112.3,0.01,1,11230,买盘,000538
773,2021-06-10,10:08:55,112.28,-0.02,30,336863,卖盘,000538
774,2021-06-10,10:08:57,112.28,0.0,8,89824,卖盘,000538
775,2021-06-10,10:09:01,112.25,-0.03,2,22451,卖盘,000538
776,2021-06-10,10:09:04,112.25,0.0,59,662305,卖盘,000538
777,2021-06-10,10:09:06,112.25,0.0,70,785766,卖盘,000538
778,2021-06-10,10:09:09,112.25,0.0,13,145924,买盘,000538
779,2021-06-10,10:09:13,112.23,-0.02,4,44898,卖盘,000538
780,2021-06-10,10:09:16,112.27,0.04,16,179628,买盘,000538
781,2021-06-10,10:09:19,112.25,-0.02,12,134716,卖盘,000538
782,2021-06-10,10:09:22,112.2,-0.05,10,112231,卖盘,000538
783,2021-06-10,10:09:24,112.27,0.07,19,213243,买盘,000538
784,2021-06-10,10:09:31,112.25,-0.02,2,22450,买盘,000538
785,2021-06-10,10:09:33,112.25,0.0,7,78577,买盘,000538
786,2021-06-10,10:09:37,112.25,0.0,54,606152,卖盘,000538
787,2021-06-10,10:09:39,112.2,-0.05,46,516329,卖盘,000538
788,2021-06-10,10:09:43,112.25,0.05,2,22450,买盘,000538
789,2021-06-10,10:09:46,112.25,0.0,19,213270,买盘,000538
790,2021-06-10,10:09:49,112.2,-0.05,14,157080,卖盘,000538
791,2021-06-10,10:09:51,112.17,-0.03,5,56085,卖盘,000538
792,2021-06-10,10:09:55,112.13,-0.04,15,168257,卖盘,000538
793,2021-06-10,10:09:57,112.16,0.03,4,44861,买盘,000538
794,2021-06-10,10:10:01,112.12,-0.04,5,56060,买盘,000538
795,2021-06-10,10:10:04,112.11,-0.01,2,22422,买盘,000538
796,2021-06-10,10:10:06,112.28,0.17,85,953898,买盘,000538
797,2021-06-10,10:10:10,112.28,0.0,2,22456,卖盘,000538
798,2021-06-10,10:10:12,112.28,0.0,21,235788,卖盘,000538
799,2021-06-10,10:10:16,112.28,0.0,16,179663,买盘,000538
800,2021-06-10,10:10:19,112.2,-0.08,46,516124,卖盘,000538
801,2021-06-10,10:10:21,112.33,0.13,20,224644,买盘,000538
802,2021-06-10,10:10:25,112.35,0.02,8,89878,买盘,000538
803,2021-06-10,10:10:27,112.35,0.0,1,11235,买盘,000538
804,2021-06-10,10:10:31,112.35,0.0,3,33705,买盘,000538
805,2021-06-10,10:10:33,112.35,0.0,5,56179,卖盘,000538
806,2021-06-10,10:10:39,112.4,0.05,23,258418,买盘,000538
807,2021-06-10,10:10:45,112.43,0.03,3,33726,买盘,000538
808,2021-06-10,10:10:49,112.4,-0.03,15,168562,卖盘,000538
809,2021-06-10,10:10:52,112.35,-0.05,14,157338,卖盘,000538
810,2021-06-10,10:10:55,112.35,0.0,29,325815,买盘,000538
811,2021-06-10,10:10:57,112.34,-0.01,2,22468,卖盘,000538
812,2021-06-10,10:11:01,112.35,0.01,2,22470,买盘,000538
813,2021-06-10,10:11:05,112.35,0.0,9,101115,买盘,000538
814,2021-06-10,10:11:07,112.4,0.05,4,44948,买盘,000538
815,2021-06-10,10:11:10,112.4,0.0,29,325860,买盘,000538
816,2021-06-10,10:11:13,112.43,0.03,2,22483,买盘,000538
817,2021-06-10,10:11:15,112.4,-0.03,18,202329,卖盘,000538
818,2021-06-10,10:11:18,112.56,0.16,105,1181184,买盘,000538
819,2021-06-10,10:11:21,112.43,-0.13,3,33729,卖盘,000538
820,2021-06-10,10:11:24,112.43,0.0,6,67458,卖盘,000538
821,2021-06-10,10:11:28,112.43,0.0,39,438531,卖盘,000538
822,2021-06-10,10:11:30,112.43,0.0,21,236055,买盘,000538
823,2021-06-10,10:11:34,112.43,0.0,4,44966,买盘,000538
824,2021-06-10,10:11:36,112.45,0.02,16,179869,买盘,000538
825,2021-06-10,10:11:39,112.45,0.0,31,348591,买盘,000538
826,2021-06-10,10:11:43,112.41,-0.04,3,33727,卖盘,000538
827,2021-06-10,10:11:46,112.45,0.04,10,112413,买盘,000538
828,2021-06-10,10:11:48,112.45,0.0,18,202405,买盘,000538
829,2021-06-10,10:11:52,112.45,0.0,4,44980,买盘,000538
830,2021-06-10,10:11:54,112.45,0.0,3,33735,买盘,000538
831,2021-06-10,10:11:58,112.45,0.0,2,22490,卖盘,000538
832,2021-06-10,10:12:00,112.48,0.03,24,269886,买盘,000538
833,2021-06-10,10:12:04,112.45,-0.03,22,247405,卖盘,000538
834,2021-06-10,10:12:07,112.45,0.0,3,33735,买盘,000538
835,2021-06-10,10:12:10,112.45,0.0,12,134934,买盘,000538
836,2021-06-10,10:12:12,112.45,0.0,14,157421,买盘,000538
837,2021-06-10,10:12:15,112.45,0.0,1,11245,买盘,000538
838,2021-06-10,10:12:19,112.45,0.0,6,67470,买盘,000538
839,2021-06-10,10:12:22,112.42,-0.03,15,168662,卖盘,000538
840,2021-06-10,10:12:24,112.43,0.01,4,44970,买盘,000538
841,2021-06-10,10:12:28,112.43,0.0,7,78701,买盘,000538
842,2021-06-10,10:12:31,112.42,-0.01,9,101178,卖盘,000538
843,2021-06-10,10:12:34,112.42,0.0,14,157393,买盘,000538
844,2021-06-10,10:12:37,112.43,0.01,2,22486,买盘,000538
845,2021-06-10,10:12:39,112.35,-0.08,114,1281252,卖盘,000538
846,2021-06-10,10:12:43,112.35,0.0,13,146052,卖盘,000538
847,2021-06-10,10:12:46,112.3,-0.05,28,314463,卖盘,000538
848,2021-06-10,10:12:49,112.19,-0.11,16,179637,卖盘,000538
849,2021-06-10,10:12:51,112.19,0.0,8,89751,买盘,000538
850,2021-06-10,10:12:55,112.19,0.0,47,527291,买盘,000538
851,2021-06-10,10:12:57,112.19,0.0,6,67310,买盘,000538
852,2021-06-10,10:13:01,112.19,0.0,21,235597,买盘,000538
853,2021-06-10,10:13:04,112.19,0.0,4,44876,买盘,000538
854,2021-06-10,10:13:07,112.19,0.0,5,56094,买盘,000538
855,2021-06-10,10:13:10,112.19,0.0,16,179504,买盘,000538
856,2021-06-10,10:13:13,112.19,0.0,1,11219,卖盘,000538
857,2021-06-10,10:13:16,112.19,0.0,12,134631,卖盘,000538
858,2021-06-10,10:13:19,112.19,0.0,42,471198,卖盘,000538
859,2021-06-10,10:13:21,112.19,0.0,5,56095,买盘,000538
860,2021-06-10,10:13:25,112.2,0.01,39,437564,买盘,000538
861,2021-06-10,10:13:28,112.2,0.0,3,33660,买盘,000538
862,2021-06-10,10:13:31,112.2,0.0,29,325380,买盘,000538
863,2021-06-10,10:13:34,112.2,0.0,19,213176,买盘,000538
864,2021-06-10,10:13:40,112.2,0.0,1,11220,买盘,000538
865,2021-06-10,10:13:43,112.19,-0.01,21,235605,卖盘,000538
866,2021-06-10,10:13:46,112.18,-0.01,6,67314,卖盘,000538
867,2021-06-10,10:13:49,112.19,0.01,6,67314,买盘,000538
868,2021-06-10,10:13:52,112.18,-0.01,22,246797,卖盘,000538
869,2021-06-10,10:13:55,112.16,-0.02,3,33650,卖盘,000538
870,2021-06-10,10:13:58,112.16,0.0,2,22432,卖盘,000538
871,2021-06-10,10:14:00,112.17,0.01,12,134600,买盘,000538
872,2021-06-10,10:14:05,112.18,0.01,52,583314,买盘,000538
873,2021-06-10,10:14:06,112.18,0.0,5,56090,买盘,000538
874,2021-06-10,10:14:12,112.18,0.0,12,134605,买盘,000538
875,2021-06-10,10:14:16,112.16,-0.02,7,78514,卖盘,000538
876,2021-06-10,10:14:19,112.17,0.01,8,89748,中性盘,000538
877,2021-06-10,10:14:21,112.16,-0.01,4,44868,卖盘,000538
878,2021-06-10,10:14:24,112.19,0.03,6,67307,买盘,000538
879,2021-06-10,10:14:28,112.16,-0.03,13,145851,卖盘,000538
880,2021-06-10,10:14:31,112.18,0.02,1,11218,买盘,000538
881,2021-06-10,10:14:33,112.16,-0.02,24,269224,卖盘,000538
882,2021-06-10,10:14:37,112.18,0.02,8,89738,买盘,000538
883,2021-06-10,10:14:39,112.18,0.0,2,22434,买盘,000538
884,2021-06-10,10:14:43,112.16,-0.02,25,280408,卖盘,000538
885,2021-06-10,10:14:45,112.17,0.01,4,44864,买盘,000538
886,2021-06-10,10:14:49,112.17,0.0,5,56087,卖盘,000538
887,2021-06-10,10:14:52,112.18,0.01,3,33654,买盘,000538
888,2021-06-10,10:14:54,112.17,-0.01,1,11217,卖盘,000538
889,2021-06-10,10:14:58,112.17,0.0,2,22434,中性盘,000538
890,2021-06-10,10:15:01,112.17,0.0,1,11217,买盘,000538
891,2021-06-10,10:15:05,112.16,-0.01,13,145809,卖盘,000538
892,2021-06-10,10:15:07,112.16,0.0,25,280386,卖盘,000538
893,2021-06-10,10:15:09,112.16,0.0,24,269179,买盘,000538
894,2021-06-10,10:15:16,112.15,-0.01,3,33645,卖盘,000538
895,2021-06-10,10:15:18,112.15,0.0,8,89724,卖盘,000538
896,2021-06-10,10:15:22,112.15,0.0,19,213100,卖盘,000538
897,2021-06-10,10:15:25,112.15,0.0,7,78505,卖盘,000538
898,2021-06-10,10:15:27,112.16,0.01,1,11216,买盘,000538
899,2021-06-10,10:15:31,112.15,-0.01,2,22430,卖盘,000538
900,2021-06-10,10:15:33,112.15,0.0,3,33645,卖盘,000538
901,2021-06-10,10:15:37,112.1,-0.05,60,672671,卖盘,000538
902,2021-06-10,10:15:40,112.1,0.0,4,44840,卖盘,000538
903,2021-06-10,10:15:42,112.1,0.0,4,44838,买盘,000538
904,2021-06-10,10:15:46,112.07,-0.03,10,112077,卖盘,000538
905,2021-06-10,10:15:48,112.07,0.0,2,22414,卖盘,000538
906,2021-06-10,10:15:51,112.06,-0.01,1,11206,卖盘,000538
907,2021-06-10,10:15:57,112.03,-0.03,15,168048,卖盘,000538
908,2021-06-10,10:16:01,112.06,0.03,10,112049,买盘,000538
909,2021-06-10,10:16:04,112.02,-0.04,10,112024,卖盘,000538
910,2021-06-10,10:16:10,112.01,-0.01,28,313633,卖盘,000538
911,2021-06-10,10:16:13,112.02,0.01,24,268828,买盘,000538
912,2021-06-10,10:16:15,112.02,0.0,20,224026,买盘,000538
913,2021-06-10,10:16:19,112.01,-0.01,27,302425,卖盘,000538
914,2021-06-10,10:16:21,112.01,0.0,44,492821,买盘,000538
915,2021-06-10,10:16:28,112.01,0.0,4,44801,买盘,000538
916,2021-06-10,10:16:31,112.01,0.0,40,448048,买盘,000538
917,2021-06-10,10:16:34,112.01,0.0,4,44804,卖盘,000538
918,2021-06-10,10:16:36,112.01,0.0,2,22402,中性盘,000538
919,2021-06-10,10:16:39,112.0,-0.01,1,11200,卖盘,000538
920,2021-06-10,10:16:43,112.0,0.0,115,1288181,卖盘,000538
921,2021-06-10,10:16:45,112.0,0.0,22,246401,卖盘,000538
922,2021-06-10,10:16:49,112.01,0.01,39,436801,买盘,000538
923,2021-06-10,10:16:51,112.0,-0.01,3,33601,卖盘,000538
924,2021-06-10,10:16:55,112.0,0.0,231,2587150,卖盘,000538
925,2021-06-10,10:16:58,111.97,-0.03,18,201546,卖盘,000538
926,2021-06-10,10:17:00,111.96,-0.01,4,44784,卖盘,000538
927,2021-06-10,10:17:05,111.95,-0.01,13,145542,卖盘,000538
928,2021-06-10,10:17:06,111.94,-0.01,2,22390,卖盘,000538
929,2021-06-10,10:17:10,111.95,0.01,7,78369,买盘,000538
930,2021-06-10,10:17:13,112.0,0.05,15,167914,买盘,000538
931,2021-06-10,10:17:18,111.91,-0.09,8,89546,卖盘,000538
932,2021-06-10,10:17:22,111.9,-0.01,15,167950,卖盘,000538
933,2021-06-10,10:17:24,111.91,0.01,11,123101,买盘,000538
934,2021-06-10,10:17:28,111.91,0.0,11,123091,买盘,000538
935,2021-06-10,10:17:31,111.9,-0.01,21,234994,卖盘,000538
936,2021-06-10,10:17:34,111.88,-0.02,12,134278,卖盘,000538
937,2021-06-10,10:17:37,111.9,0.02,10,111900,买盘,000538
938,2021-06-10,10:17:39,111.88,-0.02,8,89505,卖盘,000538
939,2021-06-10,10:17:43,111.9,0.02,21,234968,买盘,000538
940,2021-06-10,10:17:46,111.88,-0.02,15,167826,卖盘,000538
941,2021-06-10,10:17:49,111.87,-0.01,10,111874,中性盘,000538
942,2021-06-10,10:17:52,111.86,-0.01,15,167804,卖盘,000538
943,2021-06-10,10:17:55,111.88,0.02,9,100684,买盘,000538
944,2021-06-10,10:17:58,111.86,-0.02,7,78303,卖盘,000538
945,2021-06-10,10:18:01,111.88,0.02,7,78315,买盘,000538
946,2021-06-10,10:18:04,111.87,-0.01,31,346797,卖盘,000538
947,2021-06-10,10:18:06,111.87,0.0,3,33561,买盘,000538
948,2021-06-10,10:18:10,111.87,0.0,25,279668,买盘,000538
949,2021-06-10,10:18:13,111.87,0.0,6,67122,卖盘,000538
950,2021-06-10,10:18:15,111.88,0.01,11,123061,买盘,000538
951,2021-06-10,10:18:19,111.88,0.0,12,134251,买盘,000538
952,2021-06-10,10:18:21,111.89,0.01,35,391574,买盘,000538
953,2021-06-10,10:18:25,111.89,0.0,42,469899,买盘,000538
954,2021-06-10,10:18:27,111.97,0.08,11,123098,买盘,000538
955,2021-06-10,10:18:31,111.9,-0.07,46,519526,卖盘,000538
956,2021-06-10,10:18:33,111.98,0.08,1,11198,买盘,000538
957,2021-06-10,10:18:37,111.87,-0.11,60,666651,卖盘,000538
958,2021-06-10,10:18:39,111.87,0.0,4,44748,买盘,000538
959,2021-06-10,10:18:42,111.86,-0.01,32,357953,卖盘,000538
960,2021-06-10,10:18:46,111.87,0.01,30,335596,买盘,000538
961,2021-06-10,10:18:49,111.86,-0.01,11,123047,卖盘,000538
962,2021-06-10,10:18:52,111.86,0.0,26,290855,买盘,000538
963,2021-06-10,10:18:54,111.87,0.01,16,178970,买盘,000538
964,2021-06-10,10:18:57,111.87,0.0,9,100675,卖盘,000538
965,2021-06-10,10:19:00,111.87,0.0,12,134233,买盘,000538
966,2021-06-10,10:19:05,111.86,-0.01,12,134234,卖盘,000538
967,2021-06-10,10:19:07,111.85,-0.01,33,369127,卖盘,000538
968,2021-06-10,10:19:10,111.85,0.0,5,55925,买盘,000538
969,2021-06-10,10:19:12,111.85,0.0,11,123035,买盘,000538
970,2021-06-10,10:19:16,111.85,0.0,16,178959,买盘,000538
971,2021-06-10,10:19:19,111.84,-0.01,21,234864,卖盘,000538
972,2021-06-10,10:19:21,111.84,0.0,20,223664,买盘,000538
973,2021-06-10,10:19:25,111.84,0.0,4,44734,买盘,000538
974,2021-06-10,10:19:28,111.83,-0.01,11,123020,卖盘,000538
975,2021-06-10,10:19:31,111.83,0.0,3,33549,买盘,000538
976,2021-06-10,10:19:33,111.84,0.01,3,33552,买盘,000538
977,2021-06-10,10:19:37,111.84,0.0,6,67099,买盘,000538
978,2021-06-10,10:19:39,111.83,-0.01,26,290759,卖盘,000538
979,2021-06-10,10:19:43,111.83,0.0,5,55915,买盘,000538
980,2021-06-10,10:19:45,111.83,0.0,16,178923,买盘,000538
981,2021-06-10,10:19:49,111.81,-0.02,33,369018,卖盘,000538
982,2021-06-10,10:19:52,111.83,0.02,17,190092,中性盘,000538
983,2021-06-10,10:19:55,111.82,-0.01,55,614960,买盘,000538
984,2021-06-10,10:20:01,111.82,0.0,11,123000,买盘,000538
985,2021-06-10,10:20:05,111.83,0.01,3,33549,买盘,000538
986,2021-06-10,10:20:07,111.84,0.01,47,525625,买盘,000538
987,2021-06-10,10:20:10,111.83,-0.01,19,212524,卖盘,000538
988,2021-06-10,10:20:13,111.83,0.0,3,33551,卖盘,000538
989,2021-06-10,10:20:15,111.85,0.02,12,134250,中性盘,000538
990,2021-06-10,10:20:18,111.84,-0.01,2,22368,卖盘,000538
991,2021-06-10,10:20:22,111.88,0.04,7,78310,买盘,000538
992,2021-06-10,10:20:25,111.88,0.0,4,44750,买盘,000538
993,2021-06-10,10:20:28,111.88,0.0,3,33564,买盘,000538
994,2021-06-10,10:20:30,111.85,-0.03,25,279625,卖盘,000538
995,2021-06-10,10:20:34,111.83,-0.02,46,514464,卖盘,000538
996,2021-06-10,10:20:37,111.88,0.05,6,67108,买盘,000538
997,2021-06-10,10:20:39,111.88,0.0,11,118369,买盘,000538
998,2021-06-10,10:20:43,111.9,0.02,2,22378,买盘,000538
999,2021-06-10,10:20:46,111.88,-0.02,3,33564,卖盘,000538
1000,2021-06-10,10:20:49,111.9,0.02,19,217312,买盘,000538
1001,2021-06-10,10:20:52,111.88,-0.02,4,44756,中性盘,000538
1002,2021-06-10,10:20:55,111.91,0.03,49,548237,买盘,000538
1003,2021-06-10,10:21:01,111.88,-0.03,13,145462,卖盘,000538
1004,2021-06-10,10:21:04,112.02,0.14,99,1110362,买盘,000538
1005,2021-06-10,10:21:07,112.02,0.0,48,537696,卖盘,000538
1006,2021-06-10,10:21:09,111.97,-0.05,71,795269,卖盘,000538
1007,2021-06-10,10:21:13,112.02,0.05,3,33612,中性盘,000538
1008,2021-06-10,10:21:16,111.95,-0.07,10,111955,卖盘,000538
1009,2021-06-10,10:21:18,111.98,0.03,3,33603,买盘,000538
1010,2021-06-10,10:21:21,112.08,0.1,5,56040,买盘,000538
1011,2021-06-10,10:21:25,112.08,0.0,1,11208,买盘,000538
1012,2021-06-10,10:21:28,112.1,0.02,49,549286,买盘,000538
1013,2021-06-10,10:21:33,112.1,0.0,28,313882,卖盘,000538
1014,2021-06-10,10:21:36,112.13,0.03,16,179372,买盘,000538
1015,2021-06-10,10:21:40,112.13,0.0,3,33639,卖盘,000538
1016,2021-06-10,10:21:42,112.13,0.0,20,224257,买盘,000538
1017,2021-06-10,10:21:46,112.12,-0.01,35,392424,中性盘,000538
1018,2021-06-10,10:21:48,112.1,-0.02,88,986586,卖盘,000538
1019,2021-06-10,10:21:52,112.09,-0.01,104,1165812,卖盘,000538
1020,2021-06-10,10:21:54,112.05,-0.04,7,78425,卖盘,000538
1021,2021-06-10,10:21:58,112.0,-0.05,9,100800,卖盘,000538
1022,2021-06-10,10:22:01,111.99,-0.01,17,190402,卖盘,000538
1023,2021-06-10,10:22:04,111.98,-0.01,7,78386,卖盘,000538
1024,2021-06-10,10:22:07,111.98,0.0,15,167918,买盘,000538
1025,2021-06-10,10:22:09,111.98,0.0,6,67189,中性盘,000538
1026,2021-06-10,10:22:13,111.95,-0.03,8,89564,中性盘,000538
1027,2021-06-10,10:22:16,111.98,0.03,7,78378,买盘,000538
1028,2021-06-10,10:22:19,111.91,-0.07,17,188844,卖盘,000538
1029,2021-06-10,10:22:22,111.91,0.0,5,55955,买盘,000538
1030,2021-06-10,10:22:25,111.91,0.0,1,11191,买盘,000538
1031,2021-06-10,10:22:28,111.9,-0.01,13,145473,卖盘,000538
1032,2021-06-10,10:22:31,111.9,0.0,30,335713,卖盘,000538
1033,2021-06-10,10:22:34,111.93,0.03,25,281235,买盘,000538
1034,2021-06-10,10:22:37,111.93,0.0,32,358058,买盘,000538
1035,2021-06-10,10:22:40,111.89,-0.04,13,145469,卖盘,000538
1036,2021-06-10,10:22:43,111.9,0.01,1,11190,卖盘,000538
1037,2021-06-10,10:22:46,111.97,0.07,27,302273,买盘,000538
1038,2021-06-10,10:22:49,111.97,0.0,2,22394,卖盘,000538
1039,2021-06-10,10:22:55,111.97,0.0,7,78379,卖盘,000538
1040,2021-06-10,10:23:01,111.97,0.0,25,279919,买盘,000538
1041,2021-06-10,10:23:04,111.97,0.0,2,22394,买盘,000538
1042,2021-06-10,10:23:07,111.97,0.0,19,212739,买盘,000538
1043,2021-06-10,10:23:10,111.97,0.0,19,212743,买盘,000538
1044,2021-06-10,10:23:12,111.97,0.0,14,156789,卖盘,000538
1045,2021-06-10,10:23:16,112.0,0.03,21,235146,买盘,000538
1046,2021-06-10,10:23:18,111.97,-0.03,4,44789,卖盘,000538
1047,2021-06-10,10:23:22,112.0,0.03,16,179200,买盘,000538
1048,2021-06-10,10:23:25,112.0,0.0,10,111976,买盘,000538
1049,2021-06-10,10:23:27,112.0,0.0,4,44797,买盘,000538
1050,2021-06-10,10:23:31,111.97,-0.03,39,436683,卖盘,000538
1051,2021-06-10,10:23:33,111.97,0.0,1,11197,买盘,000538
1052,2021-06-10,10:23:37,111.97,0.0,34,380598,买盘,000538
1053,2021-06-10,10:23:40,111.97,0.0,4,44788,买盘,000538
1054,2021-06-10,10:23:43,112.0,0.03,1,11200,买盘,000538
1055,2021-06-10,10:23:45,111.97,-0.03,10,111970,卖盘,000538
1056,2021-06-10,10:23:48,112.0,0.03,5,56000,买盘,000538
1057,2021-06-10,10:23:52,111.97,-0.03,3,33591,卖盘,000538
1058,2021-06-10,10:23:55,111.97,0.0,3,33591,卖盘,000538
1059,2021-06-10,10:23:58,112.03,0.06,7,78418,买盘,000538
1060,2021-06-10,10:24:00,112.07,0.04,2,22410,买盘,000538
1061,2021-06-10,10:24:07,112.1,0.03,2,22418,买盘,000538
1062,2021-06-10,10:24:10,112.03,-0.07,7,78438,卖盘,000538
1063,2021-06-10,10:24:13,112.1,0.07,56,627438,买盘,000538
1064,2021-06-10,10:24:18,112.1,0.0,9,100890,买盘,000538
1065,2021-06-10,10:24:22,112.18,0.08,26,291543,买盘,000538
1066,2021-06-10,10:24:25,112.18,0.0,7,78526,卖盘,000538
1067,2021-06-10,10:24:28,112.19,0.01,4,44874,买盘,000538
1068,2021-06-10,10:24:31,112.18,-0.01,2,22436,卖盘,000538
1069,2021-06-10,10:24:37,112.1,-0.08,27,302656,卖盘,000538
1070,2021-06-10,10:24:39,112.2,0.1,18,201850,买盘,000538
1071,2021-06-10,10:24:43,112.03,-0.17,17,190451,卖盘,000538
1072,2021-06-10,10:24:45,112.3,0.27,73,818621,买盘,000538
1073,2021-06-10,10:24:49,112.1,-0.2,9,100999,卖盘,000538
1074,2021-06-10,10:24:51,112.03,-0.07,10,112025,卖盘,000538
1075,2021-06-10,10:24:54,112.1,0.07,3,33626,买盘,000538
1076,2021-06-10,10:24:58,112.04,-0.06,4,44816,卖盘,000538
1077,2021-06-10,10:25:00,112.01,-0.03,4,44804,卖盘,000538
1078,2021-06-10,10:25:04,112.1,0.09,2,22410,中性盘,000538
1079,2021-06-10,10:25:07,112.12,0.02,3,33634,买盘,000538
1080,2021-06-10,10:25:10,112.1,-0.02,7,78474,卖盘,000538
1081,2021-06-10,10:25:13,112.06,-0.04,2,22428,卖盘,000538
1082,2021-06-10,10:25:18,112.12,0.06,2,22424,卖盘,000538
1083,2021-06-10,10:25:25,112.0,-0.12,163,1826275,卖盘,000538
1084,2021-06-10,10:25:28,112.0,0.0,17,190400,买盘,000538
1085,2021-06-10,10:25:31,112.06,0.06,33,369606,买盘,000538
1086,2021-06-10,10:25:37,112.0,-0.06,11,123204,卖盘,000538
1087,2021-06-10,10:25:39,112.0,0.0,1,11200,买盘,000538
1088,2021-06-10,10:25:43,112.0,0.0,5,56000,买盘,000538
1089,2021-06-10,10:25:45,112.0,0.0,13,145600,买盘,000538
1090,2021-06-10,10:25:49,112.0,0.0,6,67200,卖盘,000538
1091,2021-06-10,10:25:51,112.0,0.0,61,683200,卖盘,000538
1092,2021-06-10,10:25:55,112.0,0.0,30,335992,卖盘,000538
1093,2021-06-10,10:25:58,112.0,0.0,6,67200,买盘,000538
1094,2021-06-10,10:26:01,111.99,-0.01,19,212793,卖盘,000538
1095,2021-06-10,10:26:04,111.97,-0.02,9,100782,卖盘,000538
1096,2021-06-10,10:26:07,112.04,0.07,58,649629,买盘,000538
1097,2021-06-10,10:26:09,112.03,-0.01,13,145639,卖盘,000538
1098,2021-06-10,10:26:13,112.03,0.0,2,22406,卖盘,000538
1099,2021-06-10,10:26:16,112.03,0.0,7,78433,卖盘,000538
1100,2021-06-10,10:26:22,112.03,0.0,20,224060,卖盘,000538
1101,2021-06-10,10:26:25,112.03,0.0,8,89645,卖盘,000538
1102,2021-06-10,10:26:28,112.2,0.17,4,44880,买盘,000538
1103,2021-06-10,10:26:31,112.03,-0.17,11,123233,卖盘,000538
1104,2021-06-10,10:26:34,112.03,0.0,2,22406,买盘,000538
1105,2021-06-10,10:26:37,112.03,0.0,64,716910,买盘,000538
1106,2021-06-10,10:26:40,112.03,0.0,2,22407,卖盘,000538
1107,2021-06-10,10:26:43,112.2,0.17,1,11220,买盘,000538
1108,2021-06-10,10:26:49,112.21,0.01,2,22441,买盘,000538
1109,2021-06-10,10:26:51,112.2,-0.01,4,44881,卖盘,000538
1110,2021-06-10,10:26:57,112.1,-0.1,11,123330,卖盘,000538
1111,2021-06-10,10:27:00,112.2,0.1,5,56098,买盘,000538
1112,2021-06-10,10:27:04,112.1,-0.1,8,89690,卖盘,000538
1113,2021-06-10,10:27:06,112.1,0.0,112,1255107,卖盘,000538
1114,2021-06-10,10:27:09,112.1,0.0,68,762266,买盘,000538
1115,2021-06-10,10:27:12,112.12,0.02,5,56058,买盘,000538
1116,2021-06-10,10:27:16,112.12,0.0,3,33636,买盘,000538
1117,2021-06-10,10:27:22,112.3,0.18,78,875525,买盘,000538
1118,2021-06-10,10:27:25,112.33,0.03,1,11233,买盘,000538
1119,2021-06-10,10:27:27,112.27,-0.06,148,1662028,卖盘,000538
1120,2021-06-10,10:27:31,112.3,0.03,16,179578,买盘,000538
1121,2021-06-10,10:27:34,112.13,-0.17,1,11213,卖盘,000538
1122,2021-06-10,10:27:36,112.1,-0.03,14,156944,卖盘,000538
1123,2021-06-10,10:27:40,112.08,-0.02,2,22418,卖盘,000538
1124,2021-06-10,10:27:42,112.08,0.0,96,1077108,中性盘,000538
1125,2021-06-10,10:27:46,112.08,0.0,42,470736,买盘,000538
1126,2021-06-10,10:27:48,112.09,0.01,9,100881,卖盘,000538
1127,2021-06-10,10:27:51,112.09,0.0,22,247043,卖盘,000538
1128,2021-06-10,10:27:55,112.1,0.01,4,44840,中性盘,000538
1129,2021-06-10,10:27:57,112.33,0.23,1,11233,买盘,000538
1130,2021-06-10,10:28:05,112.33,0.0,2,22466,买盘,000538
1131,2021-06-10,10:28:07,112.33,0.0,2,22463,买盘,000538
1132,2021-06-10,10:28:13,112.31,-0.02,7,78628,卖盘,000538
1133,2021-06-10,10:28:15,112.33,0.02,20,224660,买盘,000538
1134,2021-06-10,10:28:19,112.21,-0.12,7,78547,卖盘,000538
1135,2021-06-10,10:28:21,112.21,0.0,5,56105,买盘,000538
1136,2021-06-10,10:28:25,112.21,0.0,6,67326,买盘,000538
1137,2021-06-10,10:28:28,112.33,0.12,35,392793,买盘,000538
1138,2021-06-10,10:28:30,112.25,-0.08,5,56125,卖盘,000538
1139,2021-06-10,10:28:36,112.21,-0.04,28,314290,卖盘,000538
1140,2021-06-10,10:28:43,112.21,0.0,19,213199,买盘,000538
1141,2021-06-10,10:28:45,112.21,0.0,9,100982,买盘,000538
1142,2021-06-10,10:28:48,112.19,-0.02,2,22440,卖盘,000538
1143,2021-06-10,10:28:52,112.16,-0.03,3,33656,卖盘,000538
1144,2021-06-10,10:28:58,112.2,0.04,3,33652,买盘,000538
1145,2021-06-10,10:29:00,112.11,-0.09,10,112118,卖盘,000538
1146,2021-06-10,10:29:04,112.16,0.05,3,33648,中性盘,000538
1147,2021-06-10,10:29:10,112.19,0.03,23,257867,买盘,000538
1148,2021-06-10,10:29:13,112.2,0.01,13,145809,买盘,000538
1149,2021-06-10,10:29:16,112.18,-0.02,1,11218,买盘,000538
1150,2021-06-10,10:29:18,112.19,0.01,21,235441,中性盘,000538
1151,2021-06-10,10:29:21,112.18,-0.01,7,78529,卖盘,000538
1152,2021-06-10,10:29:25,112.19,0.01,9,100921,买盘,000538
1153,2021-06-10,10:29:28,112.12,-0.07,1,11212,中性盘,000538
1154,2021-06-10,10:29:30,112.11,-0.01,9,100899,卖盘,000538
1155,2021-06-10,10:29:34,112.11,0.0,2,22422,买盘,000538
1156,2021-06-10,10:29:36,112.11,0.0,31,347513,买盘,000538
1157,2021-06-10,10:29:39,112.11,0.0,51,571757,买盘,000538
1158,2021-06-10,10:29:43,112.18,0.07,20,224246,买盘,000538
1159,2021-06-10,10:29:45,112.18,0.0,2,22436,卖盘,000538
1160,2021-06-10,10:29:51,112.18,0.0,5,56090,卖盘,000538
1161,2021-06-10,10:29:55,112.11,-0.07,24,269136,卖盘,000538
1162,2021-06-10,10:30:01,112.11,0.0,10,112166,卖盘,000538
1163,2021-06-10,10:30:04,112.16,0.05,4,44865,中性盘,000538
1164,2021-06-10,10:30:07,112.19,0.03,48,538149,买盘,000538
1165,2021-06-10,10:30:09,112.12,-0.07,5,56072,中性盘,000538
1166,2021-06-10,10:30:13,112.21,0.09,70,785387,买盘,000538
1167,2021-06-10,10:30:15,112.27,0.06,7,78579,买盘,000538
1168,2021-06-10,10:30:19,112.31,0.04,6,67374,买盘,000538
1169,2021-06-10,10:30:22,112.28,-0.03,5,56152,中性盘,000538
1170,2021-06-10,10:30:25,112.3,0.02,5,56149,中性盘,000538
1171,2021-06-10,10:30:28,112.33,0.03,6,67389,买盘,000538
1172,2021-06-10,10:30:30,112.33,0.0,12,134812,卖盘,000538
1173,2021-06-10,10:30:37,112.32,-0.01,18,202193,卖盘,000538
1174,2021-06-10,10:30:40,112.28,-0.04,3,33690,卖盘,000538
1175,2021-06-10,10:30:43,112.26,-0.02,82,921060,中性盘,000538
1176,2021-06-10,10:30:46,112.26,0.0,3,33678,买盘,000538
1177,2021-06-10,10:30:49,112.25,-0.01,90,1010584,卖盘,000538
1178,2021-06-10,10:31:01,112.41,0.16,10,112404,买盘,000538
1179,2021-06-10,10:31:05,112.32,-0.09,16,179818,卖盘,000538
1180,2021-06-10,10:31:06,112.4,0.08,1,11240,卖盘,000538
1181,2021-06-10,10:31:10,112.41,0.01,9,101169,买盘,000538
1182,2021-06-10,10:31:13,112.41,0.0,5,56202,买盘,000538
1183,2021-06-10,10:31:15,112.41,0.0,2,22482,买盘,000538
1184,2021-06-10,10:31:19,112.35,-0.06,27,303350,卖盘,000538
1185,2021-06-10,10:31:21,112.26,-0.09,17,190921,卖盘,000538
1186,2021-06-10,10:31:25,112.4,0.14,13,146060,买盘,000538
1187,2021-06-10,10:31:27,112.26,-0.14,27,303158,卖盘,000538
1188,2021-06-10,10:31:30,112.35,0.09,30,336976,买盘,000538
1189,2021-06-10,10:31:34,112.3,-0.05,45,505450,卖盘,000538
1190,2021-06-10,10:31:36,112.25,-0.05,25,280642,卖盘,000538
1191,2021-06-10,10:31:40,112.25,0.0,4,44900,买盘,000538
1192,2021-06-10,10:31:43,112.3,0.05,37,415507,买盘,000538
1193,2021-06-10,10:31:45,112.3,0.0,3,33690,卖盘,000538
1194,2021-06-10,10:31:49,112.27,-0.03,9,101067,卖盘,000538
1195,2021-06-10,10:31:52,112.3,0.03,3,33687,买盘,000538
1196,2021-06-10,10:31:54,112.25,-0.05,39,437798,卖盘,000538
1197,2021-06-10,10:31:58,112.25,0.0,28,314320,卖盘,000538
1198,2021-06-10,10:32:01,112.26,0.01,12,134714,卖盘,000538
1199,2021-06-10,10:32:04,112.25,-0.01,2,22452,卖盘,000538
1200,2021-06-10,10:32:07,112.21,-0.04,33,370305,卖盘,000538
1201,2021-06-10,10:32:09,112.21,0.0,5,56107,卖盘,000538
1202,2021-06-10,10:32:13,112.19,-0.02,45,504905,卖盘,000538
1203,2021-06-10,10:32:16,112.19,0.0,8,89751,卖盘,000538
1204,2021-06-10,10:32:18,112.19,0.0,15,168267,买盘,000538
1205,2021-06-10,10:32:22,112.16,-0.03,17,190686,卖盘,000538
1206,2021-06-10,10:32:25,112.15,-0.01,1,11215,卖盘,000538
1207,2021-06-10,10:32:28,112.15,0.0,5,56068,中性盘,000538
1208,2021-06-10,10:32:30,112.13,-0.02,48,538221,中性盘,000538
1209,2021-06-10,10:32:34,112.14,0.01,20,224280,卖盘,000538
1210,2021-06-10,10:32:36,112.14,0.0,11,123354,卖盘,000538
1211,2021-06-10,10:32:40,112.11,-0.03,5,56058,中性盘,000538
1212,2021-06-10,10:32:42,112.1,-0.01,3,33630,卖盘,000538
1213,2021-06-10,10:32:45,112.1,0.0,2,22420,买盘,000538
1214,2021-06-10,10:32:49,112.12,0.02,15,168160,买盘,000538
1215,2021-06-10,10:32:51,112.09,-0.03,18,201770,卖盘,000538
1216,2021-06-10,10:32:54,112.09,0.0,5,56045,买盘,000538
1217,2021-06-10,10:32:57,112.1,0.01,4,44837,买盘,000538
1218,2021-06-10,10:33:01,112.12,0.02,6,67266,买盘,000538
1219,2021-06-10,10:33:04,112.12,0.0,3,33636,买盘,000538
1220,2021-06-10,10:33:06,112.09,-0.03,15,168135,卖盘,000538
1221,2021-06-10,10:33:09,112.1,0.01,34,381111,买盘,000538
1222,2021-06-10,10:33:18,112.12,0.02,2,22424,买盘,000538
1223,2021-06-10,10:33:22,112.09,-0.03,16,179363,卖盘,000538
1224,2021-06-10,10:33:25,112.17,0.08,13,145762,买盘,000538
1225,2021-06-10,10:33:28,112.1,-0.07,49,549204,卖盘,000538
1226,2021-06-10,10:33:30,112.1,0.0,3,33630,买盘,000538
1227,2021-06-10,10:33:34,112.1,0.0,1,11210,中性盘,000538
1228,2021-06-10,10:33:37,112.15,0.05,29,325240,卖盘,000538
1229,2021-06-10,10:33:43,112.15,0.0,24,269161,卖盘,000538
1230,2021-06-10,10:33:45,112.15,0.0,10,112150,买盘,000538
1231,2021-06-10,10:33:48,112.15,0.0,11,123365,买盘,000538
1232,2021-06-10,10:33:52,112.13,-0.02,4,44853,中性盘,000538
1233,2021-06-10,10:33:54,112.13,0.0,8,89683,买盘,000538
1234,2021-06-10,10:33:58,112.12,-0.01,2,22422,中性盘,000538
1235,2021-06-10,10:34:04,112.1,-0.02,50,560519,卖盘,000538
1236,2021-06-10,10:34:06,112.1,0.0,11,123304,买盘,000538
1237,2021-06-10,10:34:10,112.09,-0.01,3,33627,卖盘,000538
1238,2021-06-10,10:34:13,112.1,0.01,5,56050,买盘,000538
1239,2021-06-10,10:34:16,112.1,0.0,30,336300,买盘,000538
1240,2021-06-10,10:34:19,112.09,-0.01,6,67253,卖盘,000538
1241,2021-06-10,10:34:21,112.09,0.0,9,100881,买盘,000538
1242,2021-06-10,10:34:27,112.08,-0.01,5,56041,卖盘,000538
1243,2021-06-10,10:34:31,112.07,-0.01,11,123286,卖盘,000538
1244,2021-06-10,10:34:34,112.07,0.0,29,324996,卖盘,000538
1245,2021-06-10,10:34:36,112.01,-0.06,36,403276,卖盘,000538
1246,2021-06-10,10:34:40,112.01,0.0,14,156824,卖盘,000538
1247,2021-06-10,10:34:43,112.02,0.01,3,33603,买盘,000538
1248,2021-06-10,10:34:45,112.0,-0.02,9,100800,卖盘,000538
1249,2021-06-10,10:34:49,112.0,0.0,55,616007,卖盘,000538
1250,2021-06-10,10:34:52,112.0,0.0,31,347225,卖盘,000538
1251,2021-06-10,10:34:55,112.09,0.09,69,772975,买盘,000538
1252,2021-06-10,10:34:58,112.01,-0.08,21,235204,卖盘,000538
1253,2021-06-10,10:35:01,112.0,-0.01,5,56001,卖盘,000538
1254,2021-06-10,10:35:05,112.01,0.01,3,33610,卖盘,000538
1255,2021-06-10,10:35:06,112.09,0.08,10,112055,买盘,000538
1256,2021-06-10,10:35:10,112.09,0.0,7,78462,买盘,000538
1257,2021-06-10,10:35:13,112.09,0.0,3,33627,买盘,000538
1258,2021-06-10,10:35:16,112.08,-0.01,12,134452,卖盘,000538
1259,2021-06-10,10:35:19,112.08,0.0,3,33624,买盘,000538
1260,2021-06-10,10:35:22,112.08,0.0,5,56041,买盘,000538
1261,2021-06-10,10:35:27,112.09,0.01,1,11209,买盘,000538
1262,2021-06-10,10:35:31,112.01,-0.08,10,112039,卖盘,000538
1263,2021-06-10,10:35:33,112.08,0.07,10,112080,买盘,000538
1264,2021-06-10,10:35:37,112.01,-0.07,23,257691,卖盘,000538
1265,2021-06-10,10:35:40,112.01,0.0,9,100809,买盘,000538
1266,2021-06-10,10:35:42,112.01,0.0,7,78402,买盘,000538
1267,2021-06-10,10:35:45,112.07,0.06,19,212901,买盘,000538
1268,2021-06-10,10:35:48,112.02,-0.05,1,11202,卖盘,000538
1269,2021-06-10,10:35:52,112.07,0.05,5,56014,买盘,000538
1270,2021-06-10,10:35:55,112.07,0.0,1,11207,买盘,000538
1271,2021-06-10,10:35:57,112.07,0.0,4,44828,买盘,000538
1272,2021-06-10,10:36:01,112.07,0.0,3,33615,买盘,000538
1273,2021-06-10,10:36:06,112.0,-0.07,35,392046,卖盘,000538
1274,2021-06-10,10:36:10,112.01,0.01,1,11201,买盘,000538
1275,2021-06-10,10:36:13,112.01,0.0,9,100807,买盘,000538
1276,2021-06-10,10:36:16,112.0,-0.01,14,156806,卖盘,000538
1277,2021-06-10,10:36:18,112.01,0.01,2,22402,买盘,000538
1278,2021-06-10,10:36:22,112.0,-0.01,1,11200,卖盘,000538
1279,2021-06-10,10:36:25,112.01,0.01,4,44804,买盘,000538
1280,2021-06-10,10:36:27,112.01,0.0,2,22402,卖盘,000538
1281,2021-06-10,10:36:31,112.01,0.0,1,11201,卖盘,000538
1282,2021-06-10,10:36:34,112.01,0.0,19,212823,卖盘,000538
1283,2021-06-10,10:36:37,112.0,-0.01,30,336002,卖盘,000538
1284,2021-06-10,10:36:40,112.01,0.01,2,22402,买盘,000538
1285,2021-06-10,10:36:42,112.0,-0.01,47,526401,卖盘,000538
1286,2021-06-10,10:36:46,112.01,0.01,6,67209,卖盘,000538
1287,2021-06-10,10:36:48,112.01,0.0,3,33603,卖盘,000538
1288,2021-06-10,10:36:51,112.01,0.0,5,56005,卖盘,000538
1289,2021-06-10,10:36:55,112.01,0.0,12,134412,卖盘,000538
1290,2021-06-10,10:36:58,112.01,0.0,17,190432,卖盘,000538
1291,2021-06-10,10:37:00,112.0,-0.01,37,414408,卖盘,000538
1292,2021-06-10,10:37:05,112.0,0.0,15,167995,买盘,000538
1293,2021-06-10,10:37:06,111.99,-0.01,3,33599,卖盘,000538
1294,2021-06-10,10:37:10,112.0,0.01,3,33600,买盘,000538
1295,2021-06-10,10:37:13,111.99,-0.01,48,537587,卖盘,000538
1296,2021-06-10,10:37:19,111.99,0.0,39,436765,卖盘,000538
1297,2021-06-10,10:37:22,111.99,0.0,8,89592,买盘,000538
1298,2021-06-10,10:37:25,111.99,0.0,1,11199,买盘,000538
1299,2021-06-10,10:37:28,112.0,0.01,18,201590,买盘,000538
1300,2021-06-10,10:37:31,112.0,0.0,6,67195,买盘,000538
1301,2021-06-10,10:37:33,111.98,-0.02,47,526315,卖盘,000538
1302,2021-06-10,10:37:37,111.97,-0.01,32,358345,卖盘,000538
1303,2021-06-10,10:37:40,111.99,0.02,4,44792,买盘,000538
1304,2021-06-10,10:37:46,111.97,-0.02,5,55987,中性盘,000538
1305,2021-06-10,10:37:49,111.97,0.0,11,123177,卖盘,000538
1306,2021-06-10,10:37:52,111.95,-0.02,14,156740,卖盘,000538
1307,2021-06-10,10:37:55,111.97,0.02,2,22394,中性盘,000538
1308,2021-06-10,10:37:58,111.96,-0.01,4,44781,中性盘,000538
1309,2021-06-10,10:38:01,111.95,-0.01,3,33587,卖盘,000538
1310,2021-06-10,10:38:04,111.96,0.01,9,100763,买盘,000538
1311,2021-06-10,10:38:07,111.95,-0.01,3,33586,卖盘,000538
1312,2021-06-10,10:38:10,111.96,0.01,33,369495,买盘,000538
1313,2021-06-10,10:38:13,111.96,0.0,7,78368,买盘,000538
1314,2021-06-10,10:38:16,111.97,0.01,5,55983,买盘,000538
1315,2021-06-10,10:38:19,111.95,-0.02,2,22390,中性盘,000538
1316,2021-06-10,10:38:22,111.96,0.01,15,167931,买盘,000538
1317,2021-06-10,10:38:25,111.96,0.0,2,22393,卖盘,000538
1318,2021-06-10,10:38:28,111.96,0.0,3,33588,卖盘,000538
1319,2021-06-10,10:38:31,111.94,-0.02,84,940392,卖盘,000538
1320,2021-06-10,10:38:34,111.94,0.0,2,22388,买盘,000538
1321,2021-06-10,10:38:37,111.92,-0.02,24,268628,卖盘,000538
1322,2021-06-10,10:38:39,111.92,0.0,5,55960,买盘,000538
1323,2021-06-10,10:38:43,111.91,-0.01,36,402876,卖盘,000538
1324,2021-06-10,10:38:45,111.91,0.0,8,89532,卖盘,000538
1325,2021-06-10,10:38:48,111.9,-0.01,1,11190,卖盘,000538
1326,2021-06-10,10:38:51,111.9,0.0,24,268586,卖盘,000538
1327,2021-06-10,10:38:55,111.91,0.01,10,111910,买盘,000538
1328,2021-06-10,10:38:57,111.91,0.0,2,22382,买盘,000538
1329,2021-06-10,10:39:01,111.91,0.0,2,22382,买盘,000538
1330,2021-06-10,10:39:05,111.91,0.0,15,167860,卖盘,000538
1331,2021-06-10,10:39:07,111.91,0.0,26,290964,买盘,000538
1332,2021-06-10,10:39:10,111.93,0.02,58,649096,买盘,000538
1333,2021-06-10,10:39:13,111.94,0.01,2,22387,买盘,000538
1334,2021-06-10,10:39:19,111.96,0.02,4,44780,买盘,000538
1335,2021-06-10,10:39:22,111.94,-0.02,11,123140,卖盘,000538
1336,2021-06-10,10:39:25,111.94,0.0,2,22388,卖盘,000538
1337,2021-06-10,10:39:28,111.96,0.02,17,190335,买盘,000538
1338,2021-06-10,10:39:31,111.96,0.0,1,11196,卖盘,000538
1339,2021-06-10,10:39:34,111.97,0.01,13,145560,买盘,000538
1340,2021-06-10,10:39:36,111.96,-0.01,42,470275,卖盘,000538
1341,2021-06-10,10:39:42,111.96,0.0,55,615795,卖盘,000538
1342,2021-06-10,10:39:46,111.98,0.02,4,44794,买盘,000538
1343,2021-06-10,10:39:48,111.98,0.0,3,33596,卖盘,000538
1344,2021-06-10,10:39:52,111.98,0.0,5,55990,卖盘,000538
1345,2021-06-10,10:39:54,112.0,0.02,42,470399,买盘,000538
1346,2021-06-10,10:39:58,112.0,0.0,10,112000,买盘,000538
1347,2021-06-10,10:40:00,112.0,0.0,6,67200,卖盘,000538
1348,2021-06-10,10:40:04,112.0,0.0,6,67204,卖盘,000538
1349,2021-06-10,10:40:06,112.01,0.01,5,56005,买盘,000538
1350,2021-06-10,10:40:18,112.02,0.01,3,33606,卖盘,000538
1351,2021-06-10,10:40:21,112.02,0.0,4,44806,买盘,000538
1352,2021-06-10,10:40:25,112.02,0.0,12,134424,买盘,000538
1353,2021-06-10,10:40:28,112.02,0.0,2,22404,买盘,000538
1354,2021-06-10,10:40:31,112.01,-0.01,43,481669,卖盘,000538
1355,2021-06-10,10:40:33,112.02,0.01,15,168021,买盘,000538
1356,2021-06-10,10:40:37,112.02,0.0,9,100814,买盘,000538
1357,2021-06-10,10:40:39,112.01,-0.01,30,336014,卖盘,000538
1358,2021-06-10,10:40:43,112.0,-0.01,20,224009,卖盘,000538
1359,2021-06-10,10:40:46,112.0,0.0,1,11200,卖盘,000538
1360,2021-06-10,10:40:48,112.02,0.02,7,78417,卖盘,000538
1361,2021-06-10,10:40:52,112.01,-0.01,3,33603,卖盘,000538
1362,2021-06-10,10:40:55,112.01,0.0,20,224014,买盘,000538
1363,2021-06-10,10:40:57,112.01,0.0,10,112009,买盘,000538
1364,2021-06-10,10:41:01,112.0,-0.01,2,22400,卖盘,000538
1365,2021-06-10,10:41:05,112.0,0.0,16,179202,卖盘,000538
1366,2021-06-10,10:41:07,112.0,0.0,3,33600,买盘,000538
1367,2021-06-10,10:41:10,112.0,0.0,4,44800,买盘,000538
1368,2021-06-10,10:41:12,112.01,0.01,20,224002,买盘,000538
1369,2021-06-10,10:41:16,111.99,-0.02,9,100803,卖盘,000538
1370,2021-06-10,10:41:18,112.0,0.01,2,22400,买盘,000538
1371,2021-06-10,10:41:22,112.01,0.01,1,11201,买盘,000538
1372,2021-06-10,10:41:25,112.0,-0.01,7,78400,卖盘,000538
1373,2021-06-10,10:41:27,112.0,0.0,1,11200,卖盘,000538
1374,2021-06-10,10:41:31,112.0,0.0,13,145600,卖盘,000538
1375,2021-06-10,10:41:34,112.0,0.0,5,56000,买盘,000538
1376,2021-06-10,10:41:40,112.0,0.0,110,1232015,买盘,000538
1377,2021-06-10,10:41:43,112.0,0.0,10,112001,卖盘,000538
1378,2021-06-10,10:41:46,112.0,0.0,2,22401,中性盘,000538
1379,2021-06-10,10:41:48,112.0,0.0,24,268819,卖盘,000538
1380,2021-06-10,10:41:52,112.0,0.0,5,56001,卖盘,000538
1381,2021-06-10,10:41:55,112.0,0.0,2,22400,卖盘,000538
1382,2021-06-10,10:41:58,112.01,0.01,3,33603,买盘,000538
1383,2021-06-10,10:42:00,112.0,-0.01,18,201612,卖盘,000538
1384,2021-06-10,10:42:04,112.01,0.01,7,78407,买盘,000538
1385,2021-06-10,10:42:07,112.0,-0.01,10,112001,卖盘,000538
1386,2021-06-10,10:42:10,112.0,0.0,11,123200,买盘,000538
1387,2021-06-10,10:42:13,112.01,0.01,29,324801,买盘,000538
1388,2021-06-10,10:42:16,112.01,0.0,1,11201,卖盘,000538
1389,2021-06-10,10:42:22,112.01,0.0,7,78412,卖盘,000538
1390,2021-06-10,10:42:28,112.01,0.0,4,44804,卖盘,000538
1391,2021-06-10,10:42:31,112.01,0.0,5,56005,卖盘,000538
1392,2021-06-10,10:42:33,112.02,0.01,1,11202,买盘,000538
1393,2021-06-10,10:42:37,112.02,0.0,6,67207,买盘,000538
1394,2021-06-10,10:42:40,112.01,-0.01,31,347207,卖盘,000538
1395,2021-06-10,10:42:43,112.01,0.0,18,201602,中性盘,000538
1396,2021-06-10,10:42:48,112.02,0.01,6,67212,买盘,000538
1397,2021-06-10,10:42:52,112.02,0.0,53,593690,买盘,000538
1398,2021-06-10,10:42:54,112.05,0.03,9,100845,买盘,000538
1399,2021-06-10,10:42:57,112.05,0.0,1,11205,卖盘,000538
1400,2021-06-10,10:43:01,112.02,-0.03,10,112035,卖盘,000538
1401,2021-06-10,10:43:05,112.08,0.06,2,22413,买盘,000538
1402,2021-06-10,10:43:10,112.0,-0.08,49,548905,卖盘,000538
1403,2021-06-10,10:43:13,112.06,0.06,5,56030,买盘,000538
1404,2021-06-10,10:43:15,112.08,0.02,9,100858,买盘,000538
1405,2021-06-10,10:43:18,112.01,-0.07,46,515317,卖盘,000538
1406,2021-06-10,10:43:21,112.08,0.07,7,78449,买盘,000538
1407,2021-06-10,10:43:25,111.98,-0.1,227,2542559,卖盘,000538
1408,2021-06-10,10:43:28,111.98,0.0,36,403128,买盘,000538
1409,2021-06-10,10:43:31,112.02,0.04,4,44810,买盘,000538
1410,2021-06-10,10:43:34,112.07,0.05,2,22414,买盘,000538
1411,2021-06-10,10:43:37,112.09,0.02,25,280222,买盘,000538
1412,2021-06-10,10:43:40,112.08,-0.01,32,358529,买盘,000538
1413,2021-06-10,10:43:43,112.1,0.02,27,302670,买盘,000538
1414,2021-06-10,10:43:46,112.07,-0.03,11,123282,中性盘,000538
1415,2021-06-10,10:43:48,112.08,0.01,8,89671,中性盘,000538
1416,2021-06-10,10:43:52,112.13,0.05,8,89699,买盘,000538
1417,2021-06-10,10:43:54,112.15,0.02,50,560548,买盘,000538
1418,2021-06-10,10:44:00,112.2,0.05,1,11220,买盘,000538
1419,2021-06-10,10:44:06,112.2,0.0,2,22440,卖盘,000538
1420,2021-06-10,10:44:10,112.2,0.0,4,44880,中性盘,000538
1421,2021-06-10,10:44:12,112.21,0.01,1,11221,卖盘,000538
1422,2021-06-10,10:44:15,112.21,0.0,4,44889,卖盘,000538
1423,2021-06-10,10:44:18,112.27,0.06,36,404148,买盘,000538
1424,2021-06-10,10:44:25,112.26,-0.01,2,22453,卖盘,000538
1425,2021-06-10,10:44:28,112.26,0.0,4,44905,卖盘,000538
1426,2021-06-10,10:44:31,112.24,-0.02,11,123485,卖盘,000538
1427,2021-06-10,10:44:33,112.22,-0.02,2,22443,中性盘,000538
1428,2021-06-10,10:44:36,112.26,0.04,11,123482,买盘,000538
1429,2021-06-10,10:44:40,112.19,-0.07,35,392721,卖盘,000538
1430,2021-06-10,10:44:43,112.1,-0.09,23,258004,卖盘,000538
1431,2021-06-10,10:44:45,112.22,0.12,7,78549,买盘,000538
1432,2021-06-10,10:44:49,112.1,-0.12,2,22421,卖盘,000538
1433,2021-06-10,10:44:52,112.11,0.01,3,33631,中性盘,000538
1434,2021-06-10,10:44:55,112.22,0.11,5,56086,买盘,000538
1435,2021-06-10,10:45:00,112.21,-0.01,3,33643,买盘,000538
1436,2021-06-10,10:45:05,112.21,0.0,1,11221,卖盘,000538
1437,2021-06-10,10:45:07,112.01,-0.2,32,358827,卖盘,000538
1438,2021-06-10,10:45:10,112.08,0.07,1,11208,买盘,000538
1439,2021-06-10,10:45:13,112.1,0.02,3,33628,买盘,000538
1440,2021-06-10,10:45:18,112.1,0.0,3,33630,买盘,000538
1441,2021-06-10,10:45:24,112.1,0.0,24,269014,买盘,000538
1442,2021-06-10,10:45:28,112.1,0.0,7,78470,买盘,000538
1443,2021-06-10,10:45:31,112.02,-0.08,4,44808,卖盘,000538
1444,2021-06-10,10:45:33,112.09,0.07,1,11209,买盘,000538
1445,2021-06-10,10:45:37,112.08,-0.01,1,11208,卖盘,000538
1446,2021-06-10,10:45:40,112.03,-0.05,5,56015,卖盘,000538
1447,2021-06-10,10:45:42,112.03,0.0,10,112030,买盘,000538
1448,2021-06-10,10:45:46,112.03,0.0,2,22406,买盘,000538
1449,2021-06-10,10:45:49,112.02,-0.01,5,56013,卖盘,000538
1450,2021-06-10,10:45:52,112.03,0.01,22,246466,买盘,000538
1451,2021-06-10,10:45:55,112.01,-0.02,53,593695,卖盘,000538
1452,2021-06-10,10:45:58,112.02,0.01,7,78413,买盘,000538
1453,2021-06-10,10:46:04,112.02,0.0,49,548896,买盘,000538
1454,2021-06-10,10:46:06,112.02,0.0,5,56010,中性盘,000538
1455,2021-06-10,10:46:10,112.01,-0.01,5,56010,卖盘,000538
1456,2021-06-10,10:46:13,112.03,0.02,8,89624,买盘,000538
1457,2021-06-10,10:46:16,112.02,-0.01,2,22404,卖盘,000538
1458,2021-06-10,10:46:18,112.02,0.0,9,100818,卖盘,000538
1459,2021-06-10,10:46:22,112.02,0.0,13,145626,买盘,000538
1460,2021-06-10,10:46:25,112.01,-0.01,17,190424,卖盘,000538
1461,2021-06-10,10:46:28,112.01,0.0,7,78407,买盘,000538
1462,2021-06-10,10:46:31,112.02,0.01,1,11202,买盘,000538
1463,2021-06-10,10:46:34,112.01,-0.01,2,22403,卖盘,000538
1464,2021-06-10,10:46:37,112.01,0.0,5,56005,卖盘,000538
1465,2021-06-10,10:46:40,112.02,0.01,38,425638,买盘,000538
1466,2021-06-10,10:46:42,112.02,0.0,1,11202,买盘,000538
1467,2021-06-10,10:46:46,112.01,-0.01,1,11201,买盘,000538
1468,2021-06-10,10:46:49,112.01,0.0,4,44804,买盘,000538
1469,2021-06-10,10:46:55,112.0,-0.01,46,515200,卖盘,000538
1470,2021-06-10,10:46:57,112.0,0.0,2,22401,卖盘,000538
1471,2021-06-10,10:47:01,112.01,0.01,4,44802,买盘,000538
1472,2021-06-10,10:47:13,112.02,0.01,1,11202,买盘,000538
1473,2021-06-10,10:47:16,112.01,-0.01,2,22402,卖盘,000538
1474,2021-06-10,10:47:18,112.02,0.01,17,190429,买盘,000538
1475,2021-06-10,10:47:21,112.01,-0.01,4,44804,卖盘,000538
1476,2021-06-10,10:47:27,112.01,0.0,5,56007,卖盘,000538
1477,2021-06-10,10:47:31,112.01,0.0,52,582452,卖盘,000538
1478,2021-06-10,10:47:34,112.02,0.01,9,100818,买盘,000538
1479,2021-06-10,10:47:37,112.02,0.0,7,78414,卖盘,000538
1480,2021-06-10,10:47:40,112.01,-0.01,24,268840,卖盘,000538
1481,2021-06-10,10:47:43,112.01,0.0,10,112010,买盘,000538
1482,2021-06-10,10:47:46,112.01,0.0,4,44804,买盘,000538
1483,2021-06-10,10:47:49,112.01,0.0,4,44805,卖盘,000538
1484,2021-06-10,10:47:55,112.03,0.02,7,78418,买盘,000538
1485,2021-06-10,10:47:58,112.03,0.0,1,11203,买盘,000538
1486,2021-06-10,10:48:05,112.03,0.0,3,33609,买盘,000538
1487,2021-06-10,10:48:06,112.01,-0.02,21,235221,卖盘,000538
1488,2021-06-10,10:48:10,112.01,0.0,10,112010,买盘,000538
1489,2021-06-10,10:48:12,112.01,0.0,13,145613,买盘,000538
1490,2021-06-10,10:48:16,112.02,0.01,4,44806,买盘,000538
1491,2021-06-10,10:48:18,112.01,-0.01,5,56010,卖盘,000538
1492,2021-06-10,10:48:24,112.03,0.02,1,11203,买盘,000538
1493,2021-06-10,10:48:27,112.01,-0.02,15,168031,卖盘,000538
1494,2021-06-10,10:48:31,112.03,0.02,3,33609,买盘,000538
1495,2021-06-10,10:48:34,112.03,0.0,4,44812,买盘,000538
1496,2021-06-10,10:48:36,112.03,0.0,1,11203,买盘,000538
1497,2021-06-10,10:48:40,112.01,-0.02,30,336032,卖盘,000538
1498,2021-06-10,10:48:43,112.01,0.0,5,56005,卖盘,000538
1499,2021-06-10,10:48:45,112.01,0.0,2,22402,买盘,000538
1500,2021-06-10,10:48:49,112.01,0.0,4,44804,买盘,000538
1501,2021-06-10,10:48:51,112.01,0.0,11,123211,买盘,000538
1502,2021-06-10,10:48:55,112.0,-0.01,1,11200,卖盘,000538
1503,2021-06-10,10:48:58,112.0,0.0,1,11200,卖盘,000538
1504,2021-06-10,10:49:00,112.01,0.01,31,347230,买盘,000538
1505,2021-06-10,10:49:04,112.02,0.01,4,44807,中性盘,000538
1506,2021-06-10,10:49:07,112.01,-0.01,8,89614,卖盘,000538
1507,2021-06-10,10:49:09,112.01,0.0,19,212819,卖盘,000538
1508,2021-06-10,10:49:13,112.01,0.0,1,11201,卖盘,000538
1509,2021-06-10,10:49:16,112.01,0.0,6,67206,卖盘,000538
1510,2021-06-10,10:49:18,112.01,0.0,15,168015,卖盘,000538
1511,2021-06-10,10:49:21,112.01,0.0,6,67203,买盘,000538
1512,2021-06-10,10:49:31,112.01,0.0,4,44803,买盘,000538
1513,2021-06-10,10:49:33,112.01,0.0,2,22402,买盘,000538
1514,2021-06-10,10:49:36,112.0,-0.01,3,33601,卖盘,000538
1515,2021-06-10,10:49:40,112.0,0.0,48,537612,卖盘,000538
1516,2021-06-10,10:49:43,112.0,0.0,7,78406,卖盘,000538
1517,2021-06-10,10:49:45,112.0,0.0,4,44800,卖盘,000538
1518,2021-06-10,10:49:52,112.0,0.0,13,145612,卖盘,000538
1519,2021-06-10,10:49:55,112.0,0.0,67,750420,卖盘,000538
1520,2021-06-10,10:49:58,112.01,0.01,9,100808,买盘,000538
1521,2021-06-10,10:50:00,112.0,-0.01,1,11200,卖盘,000538
1522,2021-06-10,10:50:04,112.01,0.01,1,11201,买盘,000538
1523,2021-06-10,10:50:07,112.01,0.0,4,44804,买盘,000538
1524,2021-06-10,10:50:13,112.03,0.02,2,22406,买盘,000538
1525,2021-06-10,10:50:15,112.03,0.0,10,112025,买盘,000538
1526,2021-06-10,10:50:18,112.08,0.05,2,20174,买盘,000538
1527,2021-06-10,10:50:22,112.06,-0.02,3,33622,卖盘,000538
1528,2021-06-10,10:50:24,112.09,0.03,6,67253,中性盘,000538
1529,2021-06-10,10:50:28,112.09,0.0,2,22418,买盘,000538
1530,2021-06-10,10:50:31,112.08,-0.01,22,246577,卖盘,000538
1531,2021-06-10,10:50:34,112.08,0.0,3,33624,买盘,000538
1532,2021-06-10,10:50:36,112.08,0.0,1,11208,买盘,000538
1533,2021-06-10,10:50:40,112.05,-0.03,28,313753,卖盘,000538
1534,2021-06-10,10:50:43,112.08,0.03,11,123288,买盘,000538
1535,2021-06-10,10:50:45,112.08,0.0,1,11208,买盘,000538
1536,2021-06-10,10:50:49,112.08,0.0,11,123288,买盘,000538
1537,2021-06-10,10:50:52,112.08,0.0,1,11208,卖盘,000538
1538,2021-06-10,10:50:55,112.09,0.01,2,22418,买盘,000538
1539,2021-06-10,10:51:04,112.1,0.01,3,33630,买盘,000538
1540,2021-06-10,10:51:07,112.1,0.0,59,661345,买盘,000538
1541,2021-06-10,10:51:09,112.1,0.0,3,33629,买盘,000538
1542,2021-06-10,10:51:18,112.1,0.0,9,100893,卖盘,000538
1543,2021-06-10,10:51:21,112.21,0.11,67,751741,买盘,000538
1544,2021-06-10,10:51:25,112.21,0.0,11,123332,卖盘,000538
1545,2021-06-10,10:51:28,112.23,0.02,1,11223,买盘,000538
1546,2021-06-10,10:51:30,112.18,-0.05,5,56094,卖盘,000538
1547,2021-06-10,10:51:34,112.23,0.05,8,89768,买盘,000538
1548,2021-06-10,10:51:37,112.23,0.0,9,101011,卖盘,000538
1549,2021-06-10,10:51:40,112.21,-0.02,23,258126,卖盘,000538
1550,2021-06-10,10:51:43,112.19,-0.02,3,33659,卖盘,000538
1551,2021-06-10,10:51:46,112.21,0.02,5,56104,买盘,000538
1552,2021-06-10,10:51:49,112.23,0.02,14,157090,买盘,000538
1553,2021-06-10,10:51:52,112.23,0.0,3,33669,买盘,000538
1554,2021-06-10,10:51:58,112.21,-0.02,1,11221,中性盘,000538
1555,2021-06-10,10:52:01,112.23,0.02,3,33669,买盘,000538
1556,2021-06-10,10:52:10,112.23,0.0,12,134676,买盘,000538
1557,2021-06-10,10:52:13,112.23,0.0,1,11223,买盘,000538
1558,2021-06-10,10:52:16,112.23,0.0,46,516256,买盘,000538
1559,2021-06-10,10:52:19,112.24,0.01,61,684609,买盘,000538
1560,2021-06-10,10:52:22,112.23,-0.01,5,56118,卖盘,000538
1561,2021-06-10,10:52:25,112.24,0.01,15,168358,买盘,000538
1562,2021-06-10,10:52:28,112.25,0.01,5,56125,买盘,000538
1563,2021-06-10,10:52:30,112.24,-0.01,10,112240,卖盘,000538
1564,2021-06-10,10:52:34,112.26,0.02,56,628659,买盘,000538
1565,2021-06-10,10:52:36,112.3,0.04,19,213370,买盘,000538
1566,2021-06-10,10:52:40,112.28,-0.02,28,314422,卖盘,000538
1567,2021-06-10,10:52:45,112.34,0.06,1,11234,买盘,000538
1568,2021-06-10,10:52:49,112.35,0.01,9,101107,买盘,000538
1569,2021-06-10,10:52:51,112.35,0.0,9,101114,买盘,000538
1570,2021-06-10,10:52:54,112.34,-0.01,7,78638,卖盘,000538
1571,2021-06-10,10:52:58,112.34,0.0,6,67396,买盘,000538
1572,2021-06-10,10:53:01,112.34,0.0,9,101106,买盘,000538
1573,2021-06-10,10:53:04,112.31,-0.03,11,123565,卖盘,000538
1574,2021-06-10,10:53:06,112.34,0.03,6,67394,买盘,000538
1575,2021-06-10,10:53:09,112.34,0.0,16,179732,买盘,000538
1576,2021-06-10,10:53:13,112.34,0.0,7,78623,买盘,000538
1577,2021-06-10,10:53:16,112.31,-0.03,13,146037,卖盘,000538
1578,2021-06-10,10:53:19,112.34,0.03,4,44936,买盘,000538
1579,2021-06-10,10:53:21,112.34,0.0,6,67403,买盘,000538
1580,2021-06-10,10:53:25,112.34,0.0,7,78636,买盘,000538
1581,2021-06-10,10:53:28,112.34,0.0,12,134806,买盘,000538
1582,2021-06-10,10:53:31,112.32,-0.02,32,359426,卖盘,000538
1583,2021-06-10,10:53:34,112.32,0.0,11,123552,买盘,000538
1584,2021-06-10,10:53:36,112.32,0.0,2,22464,买盘,000538
1585,2021-06-10,10:53:40,112.31,-0.01,30,336942,卖盘,000538
1586,2021-06-10,10:53:43,112.34,0.03,2,22468,中性盘,000538
1587,2021-06-10,10:53:46,112.35,0.01,3,33704,买盘,000538
1588,2021-06-10,10:53:52,112.36,0.01,6,67412,买盘,000538
1589,2021-06-10,10:53:55,112.35,-0.01,46,516871,卖盘,000538
1590,2021-06-10,10:54:01,112.4,0.05,4,44954,买盘,000538
1591,2021-06-10,10:54:05,112.4,0.0,5,56194,买盘,000538
1592,2021-06-10,10:54:07,112.36,-0.04,11,123602,中性盘,000538
1593,2021-06-10,10:54:10,112.36,0.0,47,528073,买盘,000538
1594,2021-06-10,10:54:13,112.36,0.0,9,101124,买盘,000538
1595,2021-06-10,10:54:16,112.37,0.01,3,33710,中性盘,000538
1596,2021-06-10,10:54:19,112.4,0.03,18,202269,买盘,000538
1597,2021-06-10,10:54:22,112.4,0.0,8,89917,买盘,000538
1598,2021-06-10,10:54:25,112.4,0.0,50,562000,买盘,000538
1599,2021-06-10,10:54:28,112.4,0.0,21,236054,卖盘,000538
1600,2021-06-10,10:54:30,112.42,0.02,2,22484,买盘,000538
1601,2021-06-10,10:54:34,112.42,0.0,2,22484,买盘,000538
1602,2021-06-10,10:54:37,112.42,0.0,34,382226,买盘,000538
1603,2021-06-10,10:54:40,112.41,-0.01,43,483389,卖盘,000538
1604,2021-06-10,10:54:43,112.42,0.01,54,607073,卖盘,000538
1605,2021-06-10,10:54:46,112.44,0.02,51,573410,买盘,000538
1606,2021-06-10,10:54:48,112.44,0.0,11,123691,卖盘,000538
1607,2021-06-10,10:54:52,112.48,0.04,16,179925,买盘,000538
1608,2021-06-10,10:54:54,112.45,-0.03,2,22490,卖盘,000538
1609,2021-06-10,10:54:58,112.48,0.03,4,44992,买盘,000538
1610,2021-06-10,10:55:00,112.45,-0.03,13,146215,卖盘,000538
1611,2021-06-10,10:55:04,112.48,0.03,16,179982,买盘,000538
1612,2021-06-10,10:55:07,112.49,0.01,20,224989,买盘,000538
1613,2021-06-10,10:55:10,112.49,0.0,47,528747,买盘,000538
1614,2021-06-10,10:55:13,112.49,0.0,25,281232,卖盘,000538
1615,2021-06-10,10:55:16,112.5,0.01,19,213798,卖盘,000538
1616,2021-06-10,10:55:18,112.56,0.06,50,562512,买盘,000538
1617,2021-06-10,10:55:22,112.51,-0.05,30,337676,卖盘,000538
1618,2021-06-10,10:55:24,112.56,0.05,7,78777,买盘,000538
1619,2021-06-10,10:55:28,112.56,0.0,2,22512,买盘,000538
1620,2021-06-10,10:55:31,112.56,0.0,9,101304,卖盘,000538
1621,2021-06-10,10:55:33,112.56,0.0,34,382698,买盘,000538
1622,2021-06-10,10:55:37,112.56,0.0,23,258905,卖盘,000538
1623,2021-06-10,10:55:39,112.51,-0.05,45,506393,卖盘,000538
1624,2021-06-10,10:55:43,112.56,0.05,42,472827,卖盘,000538
1625,2021-06-10,10:55:45,112.55,-0.01,16,180123,卖盘,000538
1626,2021-06-10,10:55:49,112.59,0.04,7,78803,中性盘,000538
1627,2021-06-10,10:55:52,112.57,-0.02,6,67555,卖盘,000538
1628,2021-06-10,10:55:55,112.59,0.02,52,585476,买盘,000538
1629,2021-06-10,10:55:57,112.59,0.0,23,258957,买盘,000538
1630,2021-06-10,10:56:00,112.59,0.0,12,135091,买盘,000538
1631,2021-06-10,10:56:04,112.6,0.01,5,56300,买盘,000538
1632,2021-06-10,10:56:07,112.6,0.0,7,78818,买盘,000538
1633,2021-06-10,10:56:09,112.6,0.0,29,326487,买盘,000538
1634,2021-06-10,10:56:13,112.6,0.0,8,90080,卖盘,000538
1635,2021-06-10,10:56:16,112.6,0.0,22,247744,卖盘,000538
1636,2021-06-10,10:56:19,112.6,0.0,10,112605,卖盘,000538
1637,2021-06-10,10:56:22,112.62,0.02,7,78839,买盘,000538
1638,2021-06-10,10:56:25,112.66,0.04,58,653240,买盘,000538
1639,2021-06-10,10:56:28,112.59,-0.07,52,585837,卖盘,000538
1640,2021-06-10,10:56:31,112.58,-0.01,15,168925,卖盘,000538
1641,2021-06-10,10:56:34,112.58,0.0,2,22516,卖盘,000538
1642,2021-06-10,10:56:37,112.59,0.01,7,78815,卖盘,000538
1643,2021-06-10,10:56:39,112.59,0.0,73,821963,卖盘,000538
1644,2021-06-10,10:56:43,112.6,0.01,28,315433,中性盘,000538
1645,2021-06-10,10:56:46,112.6,0.0,2,22520,卖盘,000538
1646,2021-06-10,10:56:48,112.68,0.08,6,67580,买盘,000538
1647,2021-06-10,10:56:52,112.66,-0.02,2,22532,卖盘,000538
1648,2021-06-10,10:56:54,112.6,-0.06,16,180253,卖盘,000538
1649,2021-06-10,10:56:58,112.6,0.0,10,112644,卖盘,000538
1650,2021-06-10,10:57:00,112.66,0.06,8,90127,买盘,000538
1651,2021-06-10,10:57:04,112.6,-0.06,27,304177,卖盘,000538
1652,2021-06-10,10:57:07,112.6,0.0,165,1857676,卖盘,000538
1653,2021-06-10,10:57:09,112.66,0.06,24,270346,买盘,000538
1654,2021-06-10,10:57:13,112.66,0.0,71,800073,卖盘,000538
1655,2021-06-10,10:57:16,112.66,0.0,61,687438,卖盘,000538
1656,2021-06-10,10:57:19,112.66,0.0,4,45064,卖盘,000538
1657,2021-06-10,10:57:22,112.66,0.0,17,191522,买盘,000538
1658,2021-06-10,10:57:25,112.66,0.0,28,315448,买盘,000538
1659,2021-06-10,10:57:28,112.66,0.0,15,168989,买盘,000538
1660,2021-06-10,10:57:30,112.65,-0.01,22,247835,卖盘,000538
1661,2021-06-10,10:57:34,112.65,0.0,13,146449,买盘,000538
1662,2021-06-10,10:57:37,112.62,-0.03,7,78852,中性盘,000538
1663,2021-06-10,10:57:40,112.6,-0.02,34,382856,卖盘,000538
1664,2021-06-10,10:57:43,112.6,0.0,62,698124,卖盘,000538
1665,2021-06-10,10:57:45,112.58,-0.02,92,1035452,卖盘,000538
1666,2021-06-10,10:57:49,112.51,-0.07,7,78757,卖盘,000538
1667,2021-06-10,10:57:52,112.5,-0.01,13,146253,卖盘,000538
1668,2021-06-10,10:57:54,112.51,0.01,116,1304930,买盘,000538
1669,2021-06-10,10:57:58,112.51,0.0,29,326255,买盘,000538
1670,2021-06-10,10:58:00,112.51,0.0,13,146259,买盘,000538
1671,2021-06-10,10:58:04,112.51,0.0,4,45004,卖盘,000538
1672,2021-06-10,10:58:07,112.51,0.0,10,112503,买盘,000538
1673,2021-06-10,10:58:09,112.5,-0.01,10,112484,中性盘,000538
1674,2021-06-10,10:58:13,112.5,0.0,15,168738,买盘,000538
1675,2021-06-10,10:58:16,112.5,0.0,14,157506,卖盘,000538
1676,2021-06-10,10:58:18,112.5,0.0,7,78750,卖盘,000538
1677,2021-06-10,10:58:22,112.5,0.0,9,101250,买盘,000538
1678,2021-06-10,10:58:25,112.49,-0.01,7,78748,卖盘,000538
1679,2021-06-10,10:58:27,112.5,0.01,11,123740,买盘,000538
1680,2021-06-10,10:58:31,112.49,-0.01,7,78740,买盘,000538
1681,2021-06-10,10:58:33,112.49,0.0,8,89992,卖盘,000538
1682,2021-06-10,10:58:36,112.5,0.01,5,56244,买盘,000538
1683,2021-06-10,10:58:39,112.47,-0.03,12,134972,卖盘,000538
1684,2021-06-10,10:58:43,112.47,0.0,12,134963,买盘,000538
1685,2021-06-10,10:58:45,112.47,0.0,4,44988,买盘,000538
1686,2021-06-10,10:58:49,112.5,0.03,51,573696,买盘,000538
1687,2021-06-10,10:58:52,112.46,-0.04,7,78730,卖盘,000538
1688,2021-06-10,10:58:54,112.46,0.0,3,33738,买盘,000538
1689,2021-06-10,10:58:58,112.45,-0.01,3,33735,卖盘,000538
1690,2021-06-10,10:59:01,112.46,0.01,64,719743,买盘,000538
1691,2021-06-10,10:59:04,112.46,0.0,7,78725,卖盘,000538
1692,2021-06-10,10:59:07,112.46,0.0,8,89968,卖盘,000538
1693,2021-06-10,10:59:09,112.51,0.05,30,337504,买盘,000538
1694,2021-06-10,10:59:13,112.5,-0.01,1,11250,买盘,000538
1695,2021-06-10,10:59:16,112.52,0.02,16,180001,买盘,000538
1696,2021-06-10,10:59:19,112.56,0.04,24,270142,买盘,000538
1697,2021-06-10,10:59:22,112.6,0.04,12,135110,买盘,000538
1698,2021-06-10,10:59:24,112.58,-0.02,12,135132,卖盘,000538
1699,2021-06-10,10:59:28,112.64,0.06,2,24105,卖盘,000538
1700,2021-06-10,10:59:31,112.58,-0.06,22,247694,卖盘,000538
1701,2021-06-10,10:59:34,112.58,0.0,29,326482,买盘,000538
1702,2021-06-10,10:59:36,112.66,0.08,16,180242,买盘,000538
1703,2021-06-10,10:59:40,112.58,-0.08,11,123840,卖盘,000538
1704,2021-06-10,10:59:43,112.64,0.06,18,202650,买盘,000538
1705,2021-06-10,10:59:46,112.65,0.01,5,56317,买盘,000538
1706,2021-06-10,10:59:48,112.65,0.0,10,112642,买盘,000538
1707,2021-06-10,10:59:52,112.65,0.0,16,180238,买盘,000538
1708,2021-06-10,10:59:54,112.65,0.0,5,56325,卖盘,000538
1709,2021-06-10,10:59:58,112.65,0.0,23,259101,卖盘,000538
1710,2021-06-10,11:00:00,112.65,0.0,26,292890,卖盘,000538
1711,2021-06-10,11:00:04,112.65,0.0,33,371745,买盘,000538
1712,2021-06-10,11:00:06,112.61,-0.04,13,146405,卖盘,000538
1713,2021-06-10,11:00:10,112.61,0.0,1,11261,买盘,000538
1714,2021-06-10,11:00:12,112.61,0.0,12,135131,买盘,000538
1715,2021-06-10,11:00:16,112.61,0.0,23,258990,买盘,000538
1716,2021-06-10,11:00:18,112.61,0.0,30,337825,买盘,000538
1717,2021-06-10,11:00:22,112.62,0.01,11,123906,中性盘,000538
1718,2021-06-10,11:00:25,112.65,0.03,4,45052,买盘,000538
1719,2021-06-10,11:00:28,112.65,0.0,35,394259,买盘,000538
1720,2021-06-10,11:00:31,112.65,0.0,11,123913,买盘,000538
1721,2021-06-10,11:00:34,112.65,0.0,47,529455,买盘,000538
1722,2021-06-10,11:00:37,112.64,-0.01,11,123913,卖盘,000538
1723,2021-06-10,11:00:40,112.65,0.01,9,101385,买盘,000538
1724,2021-06-10,11:00:43,112.64,-0.01,31,349183,卖盘,000538
1725,2021-06-10,11:00:46,112.64,0.0,7,78848,买盘,000538
1726,2021-06-10,11:00:48,112.64,0.0,1,11264,买盘,000538
1727,2021-06-10,11:00:52,112.64,0.0,38,428031,买盘,000538
1728,2021-06-10,11:00:55,112.63,-0.01,10,112637,卖盘,000538
1729,2021-06-10,11:00:57,112.63,0.0,9,101372,卖盘,000538
1730,2021-06-10,11:01:01,112.61,-0.02,2,22524,卖盘,000538
1731,2021-06-10,11:01:04,112.64,0.03,6,67584,买盘,000538
1732,2021-06-10,11:01:07,112.64,0.0,1,11264,卖盘,000538
1733,2021-06-10,11:01:10,112.65,0.01,31,349196,买盘,000538
1734,2021-06-10,11:01:12,112.64,-0.01,10,112644,中性盘,000538
1735,2021-06-10,11:01:15,112.64,0.0,6,67582,买盘,000538
1736,2021-06-10,11:01:18,112.63,-0.01,29,326629,卖盘,000538
1737,2021-06-10,11:01:21,112.66,0.03,79,889846,买盘,000538
1738,2021-06-10,11:01:25,112.65,-0.01,21,236568,卖盘,000538
1739,2021-06-10,11:01:27,112.65,0.0,10,112655,卖盘,000538
1740,2021-06-10,11:01:31,112.68,0.03,27,304195,买盘,000538
1741,2021-06-10,11:01:34,112.65,-0.03,27,304183,卖盘,000538
1742,2021-06-10,11:01:36,112.7,0.05,9,101407,买盘,000538
1743,2021-06-10,11:01:40,112.7,0.0,20,225378,买盘,000538
1744,2021-06-10,11:01:43,112.66,-0.04,23,259140,卖盘,000538
1745,2021-06-10,11:01:46,112.7,0.04,7,78870,买盘,000538
1746,2021-06-10,11:01:48,112.7,0.0,8,90156,买盘,000538
1747,2021-06-10,11:01:52,112.7,0.0,33,371892,买盘,000538
1748,2021-06-10,11:01:54,112.68,-0.02,32,360582,卖盘,000538
1749,2021-06-10,11:01:58,112.66,-0.02,6,67600,卖盘,000538
1750,2021-06-10,11:02:00,112.7,0.04,15,169028,买盘,000538
1751,2021-06-10,11:02:04,112.7,0.0,10,112707,买盘,000538
1752,2021-06-10,11:02:07,112.68,-0.02,11,123965,卖盘,000538
1753,2021-06-10,11:02:10,112.7,0.02,2,22541,卖盘,000538
1754,2021-06-10,11:02:12,112.72,0.02,5,56360,买盘,000538
1755,2021-06-10,11:02:16,112.72,0.0,14,157806,卖盘,000538
1756,2021-06-10,11:02:18,112.72,0.0,9,101454,卖盘,000538
1757,2021-06-10,11:02:22,112.72,0.0,48,541112,卖盘,000538
1758,2021-06-10,11:02:24,112.73,0.01,4,45092,卖盘,000538
1759,2021-06-10,11:02:28,112.73,0.0,6,67638,卖盘,000538
1760,2021-06-10,11:02:31,112.76,0.03,66,744050,买盘,000538
1761,2021-06-10,11:02:33,112.77,0.01,8,90208,买盘,000538
1762,2021-06-10,11:02:37,112.77,0.0,7,78937,买盘,000538
1763,2021-06-10,11:02:40,112.78,0.01,14,157892,买盘,000538
1764,2021-06-10,11:02:42,112.79,0.01,37,417234,买盘,000538
1765,2021-06-10,11:02:46,112.8,0.01,14,157910,买盘,000538
1766,2021-06-10,11:02:49,112.77,-0.03,13,146618,卖盘,000538
1767,2021-06-10,11:02:52,112.8,0.03,5,56396,买盘,000538
1768,2021-06-10,11:02:55,112.78,-0.02,44,496252,卖盘,000538
1769,2021-06-10,11:02:58,112.8,0.02,39,439872,买盘,000538
1770,2021-06-10,11:03:01,112.79,-0.01,31,349675,卖盘,000538
1771,2021-06-10,11:03:04,112.8,0.01,16,180466,买盘,000538
1772,2021-06-10,11:03:06,112.78,-0.02,14,157887,卖盘,000538
1773,2021-06-10,11:03:09,112.76,-0.02,27,304453,卖盘,000538
1774,2021-06-10,11:03:13,112.72,-0.04,78,879037,卖盘,000538
1775,2021-06-10,11:03:15,112.63,-0.09,67,754769,卖盘,000538
1776,2021-06-10,11:03:19,112.6,-0.03,122,1373692,卖盘,000538
1777,2021-06-10,11:03:22,112.55,-0.05,26,292631,卖盘,000538
1778,2021-06-10,11:03:25,112.55,0.0,1,11255,买盘,000538
1779,2021-06-10,11:03:28,112.55,0.0,26,292630,买盘,000538
1780,2021-06-10,11:03:31,112.56,0.01,19,213846,买盘,000538
1781,2021-06-10,11:03:34,112.65,0.09,9,101351,买盘,000538
1782,2021-06-10,11:03:43,112.6,-0.05,31,349065,卖盘,000538
1783,2021-06-10,11:03:45,112.58,-0.02,7,78810,卖盘,000538
1784,2021-06-10,11:03:49,112.65,0.07,11,123874,买盘,000538
1785,2021-06-10,11:03:55,112.65,0.0,49,551980,买盘,000538
1786,2021-06-10,11:03:58,112.65,0.0,14,157710,卖盘,000538
1787,2021-06-10,11:04:01,112.65,0.0,5,56325,卖盘,000538
1788,2021-06-10,11:04:04,112.65,0.0,5,56325,卖盘,000538
1789,2021-06-10,11:04:07,112.65,0.0,13,146445,卖盘,000538
1790,2021-06-10,11:04:09,112.67,0.02,17,191523,买盘,000538
1791,2021-06-10,11:04:13,112.67,0.0,5,56335,买盘,000538
1792,2021-06-10,11:04:15,112.67,0.0,6,67602,买盘,000538
1793,2021-06-10,11:04:18,112.66,-0.01,36,405606,卖盘,000538
1794,2021-06-10,11:04:22,112.65,-0.01,3,33797,卖盘,000538
1795,2021-06-10,11:04:24,112.66,0.01,6,67595,买盘,000538
1796,2021-06-10,11:04:28,112.65,-0.01,4,45062,卖盘,000538
1797,2021-06-10,11:04:31,112.66,0.01,4,45064,买盘,000538
1798,2021-06-10,11:04:34,112.66,0.0,48,540766,买盘,000538
1799,2021-06-10,11:04:37,112.66,0.0,12,135191,买盘,000538
1800,2021-06-10,11:04:40,112.66,0.0,26,292913,买盘,000538
